3498 5202
704 385 1058 472 -zr-'

228 568 386 634 historiae
400 565 566 632 confectae
580 571 699 650 essent,
713 571 832 652 ageret,
847 568 930 633 hanc
945 568 1180 654 digressionem
1190 567 1252 657 (lv
1261 571 1304 636 38
1315 570 1398 658 sqq.)

228 673 389 741 tractavit.
437 671 588 738 0611116
612 672 721 758 doctu,
745 695 818 739 cum
841 679 992 761 quartum
1020 697 1148 762 quoque
1175 676 1294 741 librum
1322 678 1416 741 ante'

228 803 348 847 anuum
369 779 433 846 150
452 780 668 864 compositum
687 803 757 846 6666
777 781 998 847 demonstrare
1018 781 1126 866 vellet,
1145 803 1398 850 saneexoursus
1506 781 1507 786 ’

227 888 283 952 1116
298 887 442 973 obstit't3
460 909 538 951 uam
555 888 720 971 permulta
738 887 853 971 inesse,
873 907 911 953 ex
931 888 1046 972 quibus
1066 893 1230 954 auctorem
1249 889 1398 975 regiones

228 1016 282 1060 eas
301 980 520 1078 permigrasse
538 993 747 1059 manifestum
765 994 938 1080 videretur,
951 1017 992 1060 ne
1010 995 1081 1079 ipse
1096 996 1224 1081 quidem
1239 995 1398 1061 infitiatus

228 1103 285 1167 est
331 1099 424 1177 Quod
446 1103 555 1165 tamen
579 1100 758 1166 Thommen
789 1106 962 1190 propterea
991 1102 1128 1186 probare
1155 1102 1294 1187 nequiit,
1322 1102 1398 1186 quia

228 1206 400 1292 Polybium
423 1206 498 1271 illas
522 1209 626 1272 terras
649 1229 716 1273 non
739 1210 815 1272 ante
840 1230 959 1273 annum
987 1207 1049 1274 150
1079 1208 1198 1274 adiisse
1226 1207 1295 1273 fere
1324 1230 1397 1274 con·

228 1316 304 1378 stat.
349 1312 399 1377 Ne
432 1334 508 1378 vcro
541 1316 667 1396 partem
698 1313 790 1378 illam
821 1311 883 1399 (IV
902 1315 944 1379 38
960 1313 1043 1400 sqq.)
1076 1318 1153 1400 post
1185 1336 1304 1380 annum
1335 1315 1415 1381 150·

228 1420 382 1502 scriptam
409 1440 479 1484 esse
506 1423 709 1505 agnosceret,
740 1418 921 1485 Thommen
949 1421 1033 1486 banc
1060 1421 1219 1487 rationem
1246 1421 1334 1506 iniit,
1362 1424 1400 1486 ut

229 1529 335 1592 totam
357 1525 591 1610 digressionem
614 1525 794 1610 traditioni,
819 1548 916 1612 quam
940 1525 1036 1610 dixit,
1058 1527 1249 1612 assignaret,
1273 1527 1398 1592 duobus

228 1631 427 1718 argumentis
441 1632 532 1697 nisus
546 1632 650 1698 hisce:
672 1633 814 1716 primum
830 1633 916 1698 enim
932 1635 1124 1719 scriptorem
1137 1634 1186 1701 IV
1200 1636 1252 1718 38,
1266 1628 1398 1700 11-'13

228 1738 427 1822 6140,1-3
447 1739 596 1805 66666116
611 1738 711 1804 verba
728 1739 845 1806 fecisse
865 1739 1011 1820 obscura,
1026 1763 1088 1825 quo
1108 1741 1272 1807 occultare
1291 1741 1398 1820 vellet,

229 1866 265 1909 se
287 1847 391 1910 terras
414 1845 488 1910 illas
510 1845 618 1931 ipsum
641 1868 708 1910 non
730 1846 864 1932 vidisse3
887 1846 1002 1912 deinde
1027 1847 1065 1911 de
1089 1847 1240 1932 Byzantii
1264 1847 1329 1912 situ
1351 1847 1399 1911 nil

222 1951 362 2016 narrari.
394 1950 465 2015 Iam
485 1950 624 2016 alterum
644 1954 870 2037 argumentum
891 1975 929 2016 ex
948 1953 1079 2019 silentio
1098 1954 1237 2038 petitum
1255 1956 1399 2037 praeter-

228 2058 323 2123 mitto
343 2057 483 2124 silentio.
521 2057 609 2134 Quae
631 2080 709 2124 vero
728 2053 909 2124 Thommen
929 2061 1067 2125 obscura
1086 2082 1157 2125 6666
1180 2059 1399 2144 contenderat,

227 2186 279 2229 me
297 2165 487 2230 testimonia
505 2166 600 2249 plane
619 2165 791 2250 perspicua
809 2153 1042 2251 661616611616ι
1061 2167 1290 2232 demonstravi.
1316 2164 1398 2231 (lum

228 2273 338 2335 autem
360 2269 517 2355 Polybius
541 2274 653 2338 auctor
677 2276 763 2338 esset
785 2272 848 2336 fide
872 2272 1091 2357 dignissimus,
1110 2271 1304 2338 Thommeni
1329 2277 1400 2338 crat

227 2377 326 2442 etiam
360 2379 424 2444 6116
453 2380 599 2463 exempla
627 2377 772 2444 conferre
779 2429 787 2463 ,
816 2401 855 2444 ex
885 2378 1002 2464 quibus
1036 2380 1229 2464 scriptorem
1260 2378 1397 2445 lectores

228 2484 387 2550 sermonis
416 2484 615 2554 obscuritate
642 2486 755 2551 fallere
785 2490 880 2571 atque
909 2486 1056 2573 decipere
1086 2487 1188 2552 661616
1217 2490 1399 2572 666616161.

315 2590 420 2656 Multo
440 2591 567 2657 facilius
587 2592 637 2657 vir
652 2591 778 2677 doctus,
794 2593 914 2679 quippe
934 2595 991 2678 qui
1010 2595 1131 2658 librum
1150 2596 1302 2678 quartum
1321 2597 1398 2658 aute

228 2719 349 2762 anuum
374 2698 438 2764 150
471 2698 686 2783 compositum
720 2720 790 2764 esse
818 2699 932 2784 vellet,
960 2700 1057 2765 rebus
1085 2699 1152 2764 suis
1180 2699 1400 2764 consuluisset

226 2805 353 2870 ratione
377 2805 476 2871 etiam
499 2805 575 2885 aliis,
596 2806 631 2870 iu
654 2805 748 2871 libris
777 2806 966 2890 saepissime
994 2810 1165 2891 usurpata,
1189 2805 1217 2870 si
1245 2806 1398 2891 pleraque

226 2911 302 2977 libri
326 2911 435 2997 quarti
453 2915 529 2977 61116
549 2933 670 2976 annum
690 2913 755 2978 150
775 2913 969 2998 6666611616,
988 2935 1158 2978 excursum
1178 2915 1287 2977 autem
1305 2901 1397 2978 illum

226 3019 409 3103 molestum,
431 3016 479 3082 IV
499 3018 646 3102 38-56,
670 3019 931 3105 quandoquidem
954 3041 1058 3105 neque
1083 3041 1155 3106 cum
1178 3017 1398 3102 praecedenti·
1470 3049 1472 3052 ·

227 3125 288 3190 bus
310 3145 416 3209 neque
434 3147 507 3190 cum
527 3126 738 3210 sequentibus
757 3127 824 3192 ullo
844 3126 973 3192 vinculo
993 3127 1184 3192 coniunctus
1204 3129 1263 3208 est,
1281 3126 1397 3207 postea
1497 3157 1503 3170 ·

227 3231 384 3296 insertum
409 3252 478 3296 esse
502 3232 674 3299 docuisset.

317 3336 386 3402 Iam
421 3338 461 3402 ad
493 3339 630 3404 alteram
662 3343 789 3424 partem
820 3338 1019 3404 narrationis
1052 3334 1114 3425 (IV
1133 3336 1342 3420 44,11-46,
1361 3335 1398 3423 6)

228 3446 445 3529 transeamus,
474 3467 538 3530 qua
562 3444 718 3530 Polybius
746 3445 942 3531 Byzantium
970 3449 1101 3511 616116
1128 3448 1303 3529 propterea
1332 3443 1397 3508 situ

227 3571 298 3616 esse
326 3550 432 3616 alieno
461 3556 558 3637 atque
586 3575 701 3637 parum
729 3556 912 3639 opportuno
941 3552 1105 3638 exposuit,
1129 3550 1216 3637 quod
1238 3553 1397 3635 perpetuo

228 3679 247 3722 a
271 3657 419 3723 barbaris
448 3658 563 3724 vicinis
584 3663 791 3745 vpremeretur
821 3659 916 3724 bellis
945 3658 1158 3744 gravissimis.
1204 3657 1293 3734 Quae
1321 3678 1398 3741 pars

227 3785 301 3829 cum
338 3764 445 3847 priore
476 3759 611 3850 prorsus
644 3765 807 3850 congruit:
839 3765 940 3830 etiam
971 3763 1025 3830 hic
1058 3763 1198 3848 scriptor
1229 3760 1398 3848 Byzantiis

227 3870 421 3936 benevolum
441 3879 475 3936 66
494 3874 641 3955 61666161
659 3870 721 3958 (IV
734 3871 788 3954 45,
802 3869 851 3959 9)3
875 3871 962 3935 bella
982 3893 1001 3934 a
1018 3869 1187 3953 Byzantiis
1206 3891 1278 3934 cum
1297 3867 1398 3933 'Phra-

231 3976 322 4042 aibus
346 3982 379 4041 et
397 3976 523 4044 Galatis
548 3981 649 4064 gesta,
668 4000 751 4063 quae
773 3976 980 4062 paucissimis
1003 3975 1112 4042 verbis
1136 3975 1264 4041 absolvi
1286 3977 1397 4059 potue

228 4087 316 4168 runt,
348 4088 496 4149 accurate
525 4088 559 4148 et
585 4085 721 4149 verbose
749 4083 965 4169 explicantur;
989 4081 1067 4168 quin
1096 4081 1195 4148 etiam
1223 4104 1291 4164 res,
1314 4102 1397 4166 quae

228 4192 304 4254 aute
324 4211 444 4255 annum
460 4191 523 4258 278
544 4191 738 4275 acciderant,
752 4194 1050 4257 commemorantur
1063 4186 1127 4276 (IV
1140 4189 1194 4272 46,
1210 4184 1258 4273 1),
1278 4188 1399 4272 stipen-

227 4295 281 4362 dia
309 4319 328 4360 a
350 4295 516 4379 Byzantiis
540 4295 669 4363 Galatis
696 4296 860 4381 pensitata
887 4295 1138 4382 diligentissime
1166 4296 1397 4359 enumerantur

228 4400 290 4486 (IV
309 4403 362 4487 46,
377 4402 493 4491 3—4);
516 4407 684 4489 praeterea
708 4406 874 4470 auctorem
898 4424 1005 4467 rerum
1029 4423 1138 4466 aarum
1162 4400 1394 4486 peritissimum

227 4506 330 4591 fuisse
353 4508 473 4574 dilucet
496 4531 534 4574 ex
559 4508 608 4575 IV
625 4508 751 4594 45,10;
774 4509 827 4592 46,
842 4509 875 4585 2;
899 4509 953 4590 46,
966 4509 997 4574 4.
