3498 5202
738 328 935 391 ..9-

252 494 376 577 postea,
396 492 502 556 aetate
520 488 601 554 belli
619 487 834 554 Mithridatici
857 487 965 573 primi,
984 486 1171 554 Antistheni
1190 487 1318 553 Rhodio
1338 487 1422 552 falso

228 597 440 683 ¹suppositas
464 618 544 681 esse,
565 595 704 662 fortasse
728 595 770 661 ab
794 595 904 680 aliquo
927 594 996 660 viro
1020 594 1148 660 Aetolo.

343 721 431 798 Quae
455 721 559 786 Zeller
589 720 627 785 de
651 720 784 785 Aetolia
813 719 908 802 dixit,
935 741 1012 785 vera
1041 740 1111 784 essa
1141 718 1328 806 concedam,
1351 740 1424 784 cum

252 851 312 914 per
334 832 438 894 totam
461 828 552 892 illam
579 826 728 892 fabulam
749 826 823 892 odio
848 825 999 890 adversus
1022 825 1186 891 Romanos
1209 825 1423 891 vehementis·

253 937 335 1001 simo
360 936 520 1000 imbutam
544 933 653 998 Aetoli
677 932 770 1018 quasi
798 932 833 997 in
861 933 992 997 deorum
1020 932 1195 1017 praecipua
1222 932 1326 996 tutela
1354 954 1424 997 esse

256 1043 431 1109 videantur.
470 1043 516 1106 At
538 1040 589 1105 vel
612 1040 674 1105 hoc
693 1038 799 1104 Zeller
821 1060 888 1104 non
911 1039 992 1104 satis
1016 1038 1187 1123 expedivit,
1211 1060 1344 1104 curnam
1366 1037 1425 1103 fal·

254 1149 358 1213 sarius
387 1148 447 1213 sub
475 1146 681 1212 Antisthenis
709 1168 775 1212 non
802 1145 951 1211 historici
979 1145 1035 1210 sed
1062 1145 1268 1230 peripatetici
1294 1146 1426 1211 nomine
1561 1137 1563 1142 ’

254 1256 382 1321 lateret.
419 1252 592 1319 Praeterea
615 1251 780 1318 Schwartz
788 1249 812 1336 ¹)
836 1252 960 1337 optimo
982 1252 1051 1316 iure
1073 1273 1115 1316 ne
1138 1251 1272 1317 minimo
1296 1253 1425 1337 quidem

256 1363 349 1448 signo
384 1364 526 1426 aetatem
558 1359 636 1426 belli
664 1358 878 1424 Mithridatici
909 1358 1058 1440 indicari,
1085 1358 1195 1424 omnia
1226 1359 1307 1424 bena
1338 1359 1426 1425 bello

254 1467 410 1533 Antiochi
433 1472 511 1552 apta
533 1489 605 1532 esse
624 1465 749 1531 Zellero
773 1466 943 1552 opposuit3
966 1464 1129 1530 vaficiniis
1153 1469 1272 1548 autem,
1290 1487 1371 1550 quae
1391 1467 1426 1531 in

254 1574 439 1640 narratione
463 1572 689 1639 commenticia
712 1575 836 1658 essent,
859 1571 1026 1656 perspicue
1054 1571 1195 1656 ostendi,
1223 1595 1288 1658 qua
1314 1572 1364 1638 ira
1393 1578 1426 1639 et

256 1679 381 1744 invidia
394 1683 473 1746 tuno
485 1678 595 1744 Aetoli
614 1677 775 1764 ceterique
795 1678 1019 1745 Romanorum
1038 1677 1214 1744 adversarii
1232 1679 1426 1745 inflammati

255 1790 373 1852 essent.
417 1785 464 1851 At
495 1807 568 1856 eam
600 1786 705 1870 ipsam
739 1786 781 1850 ob
814 1806 946 1850 causam
979 1808 998 1850 a
1031 1783 1232 1851 Schwartzio
1270 1784 1426 1852 dissentio

256 1898 422 1958 auctorem
444 1891 575 1958 fabulae
599 1892 735 1957 eundem
754 1891 859 1956 virum
883 1912 953 1957 esse
978 1894 1078 1976 atque
1094 1891 1323 1958 Antisthenem
1340 1893 1427 1958 Rho·

255 1999 343 2065 dium
357 1999 584 2083 contendente;
598 1998 718 2065 Rhodii
732 2003 843 2065 autem
856 1999 943 2063 bello
960 1997 1092 2084 Syriaco
1107 1999 1243 2064 vinculis
1263 1999 1426 2066 amicitiae

255 2105 429 2173 artissimis
444 2128 518 2172 cum
530 2105 687 2171 Romanis
702 2105 868 2171 coniuncti
882 2108 984 2170 erant.
1008 2105 1097 2191 Ergo
1115 2105 1309 2170 historicum
1328 2109 1427 2192 atque

254 2213 486 2298 philosophum
508 2213 758 2298 peripateticum
783 2233 883 2277 unum
907 2233 977 2276 esse
1000 2212 1105 2277 virum
1128 2211 1273 2277 nondum
1298 2212 1427 2276 demon-

256 2312 395 2384 stratum
420 2341 489 2385 esse
513 2319 703 2404 putaverim.

346 2442 438 2519 Quod
472 2443 608 2529 denique
636 2441 815 2529 Schwartz,
848 2465 921 2509 cum
949 2442 1162 2508 Antisthenes
1194 2443 1426 2529 peripateticus

256 2533 341 2617 hanc
358 2550 504 2616 fabulam
523 2551 564 2616 ad
578 2531 782 2616 voluntatem
803 2552 911 2615 fictam
934 2549 1092 2628 adhibere,
1105 2571 1172 2615 non
1190 2549 1313 2615 veritus
1332 2553 1428 2635 esset,

256 2657 346 2722 haud
370 2658 439 2723 sine
462 2657 571 2742 aliqua
594 2657 701 2740 specie
721 2656 789 2721 veri
812 2656 843 2721 ei
865 2656 984 2720 librum
1007 2655 1356 2740 pseudaristotelicum,
1375 2657 1427 2723 cui

258 2764 452 2849 inscriptum
477 2768 527 2828 est
548 2765 699 2848 μαγικίς,
717 2763 912 2828 attributum
935 2783 1005 2828 esse
1024 2762 1187 2847 disseruit,
1204 2762 1283 2829 haec
1302 2785 1428 2849 quoque

256 2870 438 2954 displicent.
483 2869 549 2935 Res
583 2874 692 2935 autem
724 2871 772 2936 ita
805 2892 840 2936 se
870 2869 983 2935 habet:
1017 2867 1132 2935 Suidas
1165 2869 1204 2934 da
1232 2869 1428 2934 Antisthene

258 2975 457 3061 philosopho
481 2977 594 3063 cynico
618 2999 692 3042 oum
716 2977 782 3066 alia
805 2983 875 3041 tum
897 2977 978 3042 haec
1002 2976 1095 3041 dixit:
1118 2970 1217 3053 οὗτος
1240 2973 1428 3061 συνέγραψε

257 3085 381 3166 τόμους
403 3080 493 3165 δέκα,
517 3094 650 3166 πρῶτον
673 3086 829 3167 μανικόν·
852 3082 1029 3167 ἀφηγείται
1052 3079 1089 3147 δὲ
1111 3081 1185 3167 περὶ
1206 3083 1429 3166 Ζωροάστρου

257 3192 348 3267 τινὸς
379 3189 502 3275 μάγου,
533 3189 691 3273 εὑρόντος
719 3190 781 3274 τὴν
808 3191 942 3273 σοφίαν.
985 3197 1084 3254 τοῦτο
1113 3187 1153 3255 dd
1176 3212 1265 3267 τινες
1284 3186 1428 3275 Ἀριστο-

259 3294 354 3378 τέλει,
379 3298 415 3359 οἳ
435 3291 472 3359 δὲ
491 3293 628 3359 Ῥόδιονι
650 3293 874 3361 ιἰνατνδίιισιν.
922 3293 1004 3360 (ium
1027 3295 1189 3361 codicibus
1216 3297 1251 3360 in
1279 3296 1428 3361 omnibus

257 3399 394 3466 Ῥόδιονι
416 3400 594 3486 legeretur,
617 3406 746 3486 praeter
771 3423 870 3466 unum
893 3401 1078 3467 Parisinum
1101 3401 1145 3486 A,
1167 3402 1202 3465 in
1225 3424 1288 3486 quo
1306 3399 1428 3468 ‘Pddoc

260 3512 324 3591 est,
354 3505 520 3573 Schwartz
552 3507 728 3574 secundum
761 3508 978 3574 coniecturam
1011 3507 1212 3593 Bernhardyi
1243 3509 1431 3575 dubitanter

258 3616 422 3699 prolatam
451 3610 588 3680 Ῥόδιονι
619 3615 653 3680 in
682 3613 796 3704 Ῥοδίῳ
828 3615 976 3681 mutavit.
1026 3614 1072 3679 At
1104 3617 1258 3700 quoniam
1289 3615 1444 3681 Rhodon·

259 3720 340 3786 satis
364 3720 522 3787 usitatum
545 3725 615 3786 erat
638 3745 773 3804 nomen,
795 3744 861 3787 non
885 3725 948 3808 est,
970 3744 1028 3788 cur
1050 3722 1243 3788 vocabulum
1270 3721 1354 3787 illud
1376 3722 1428 3787 de-

259 3828 398 3912 leamus,
420 3829 613 3912 praesertim
641 3851 715 3895 cum
735 3827 850 3918 Ῥοδίῳ
881 3828 970 3894 nullo
999 3828 1205 3893 antecedente
1223 3822 1429 3894 Ἀντισθένει
1543 3889 1546 3894 .

259 3957 325 4000 non
344 3934 466 4000 habeat
485 3956 547 4019 quo
567 3935 735 4000 referatur.
765 3935 920 4020 Denique,
940 3938 977 4000 ut
991 3931 1196 4000 Ἀντισθένει
1214 3935 1429 4019 praecederet,

259 4049 305 4128 τῷ
325 4038 439 4129 Ῥοδίῳ
463 4042 513 4107 τοὶ
533 4039 646 4129 Ῥοδίῳ
669 4044 740 4107 τινί
759 4043 901 4107 scribere
923 4041 1066 4106 mallem.

350 4164 472 4232 Contra
489 4166 518 4230 is
537 4164 759 4251 Antisthenes,
777 4166 832 4250 qui
850 4165 969 4231 librum
989 4166 1028 4231 de
1047 4166 1305 4231 successionibus
1324 4165 1428 4250 philo·

352 4449 378 4516 1)
397 4447 652 4525 Pauly-wissener,
671 4421 969 4518 Realencylilopaedie,
988 4446 1170 4512 Antisthenes
1190 4453 1214 4500 9.
