3498 5202
826 305 1042 369 ..46-

348 466 474 531 diorum
504 463 630 528 dicione
659 462 772 546 fuisse3
805 469 1001 528 convenerat
1031 463 1117 528 enim
1145 462 1231 527 inter
1257 463 1332 528 illas
1361 463 1519 548 civitates,

348 569 516 635 utlthodii
526 569 687 634 neminem
697 573 827 654 praeter
836 568 1070 654 Hierapytnios
1080 567 1116 634 ἐκ
1125 565 1299 646 abcidatur
1309 566 1372 656 (vv.
1381 569 1423 636 83
1435 567 1519 656 sqq.)

349 677 470 743 milites
493 675 681 760 conquirere
705 674 856 741 sinerent.

437 783 506 848 Pol.
520 781 633 847 XVIII
650 783 700 862 10,
716 785 815 868 Isqq.
835 783 975 868 undique
994 784 1035 848 ad
1055 787 1203 849 senatum
1217 782 1400 850 Romanum
1418 783 1519 867 legati

349 890 536 956 mittuntur:
560 889 680 954 educe
704 889 866 974 Romano,
889 890 929 954 ab
954 888 1095 973 Aetolis,
1117 890 1271 974 Achaeis,
1294 887 1409 955 Attalo
1432 909 1518 974 rege,

350 998 427 1083 quin
451 998 548 1062 etiam
570 996 610 1060 ab
630 995 899 1082 Atheniensibus,
922 996 1043 1062 Rhodii
1062 996 1196 1082 absunt,
1218 1000 1327 1061 utrum
1347 997 1413 1061 iam
1432 995 1518 1080 apud

348 1104 521 1188 Polybium
541 1102 712 1183 defuerint,
731 1124 773 1167 an
792 1104 987 1186 excerptoris
1006 1104 1102 1187 culpa
1121 1103 1235 1169 omissi
1258 1102 1333 1183 sint,
1351 1123 1409 1186 pro
1429 1105 1517 1167 certo

350 1210 520 1276 diiudicari
538 1209 652 1294 nequit
669 1208 762 1274 Livio
783 1206 1147 1295 (XXX1136,10)non
1165 1209 1309 1292 singulas
1329 1209 1520 1294 legationes,

352 1319 406 1384 sed
430 1319 465 1382 in
487 1317 673 1382 universum
697 1318 827 1381 tantum
851 1314 1024 1380 ‘sociorum
1048 1314 1186 1401 legatos'
1211 1318 1491 1381 commemorante.

437 1423 507 1489 Iam
530 1423 702 1506 Polybium
731 1421 874 1487 Rhodios
908 1422 1036 1487 silentio
1070 1422 1276 1508 praeteriisse
1308 1420 1381 1486 ideo
1407 1424 1519 1485 tamen

349 1530 504 1597 maiorem
535 1528 801 1614 probabilitatem
832 1528 953 1594 habere
986 1550 1114 1613 censeo,
1147 1528 1232 1613 quod
1265 1550 1320 1593 eos
1353 1527 1454 1600 etiam
1483 1526 1520 1590 in

349 1660 428 1722 pace
460 1659 495 1701 re
528 1658 603 1700 vera
635 1634 723 1700 facta
755 1635 926 1700 mirificum
954 1635 990 1700 in
1017 1635 1148 1700 modum
1175 1657 1308 1720 prorsus
1331 1629 1517 1719 neglexit1).

349 1743 472 1826 Unum,
495 1742 582 1827 quod
605 1741 716 1806 Livius
740 1740 895 1825 (XXXIII
914 1737 1040 1828 30,11)
1069 1741 1107 1805 de
1136 1742 1181 1806 eis
1204 1743 1363 1823 narraret,
1386 1761 1452 1804 non
1479 1760 1520 1802 ex

349 1849 438 1914 fonte
457 1847 595 1926 Rhodio,
614 1848 670 1912 sed
689 1847 788 1912 variis
807 1848 933 1912 mendis
951 1848 1163 1932 depravatum
1182 1871 1221 1914 ex
1239 1846 1370 1912 Valerio
1386 1844 1520 1910 Antiate

349 1955 480 2020 fluxisse
503 1953 624 2019 Nissen
649 1951 694 2041 (p.
716 1953 793 2040 146)
817 1954 933 2020 docuit.

681 2204 711 2269 9.
747 2215 796 2271 De
819 2212 911 2269 bello
934 2213 1059 2271 Nabidi
1081 2213 1185 2270 illato.

438 2346 549 2430 Ratio,
573 2367 637 2431 qua
659 2344 816 2431 Polybius
841 2345 980 2412 Zenonis
1004 2348 1088 2412 libro
1112 2368 1190 2412 usus
1214 2345 1268 2426 sit,
1291 2342 1519 2410 animadverti·

348 2458 401 2517 tur
434 2452 527 2517 haec:
562 2453 700 2537 scriptor
723 2452 867 2518 Rhodius
890 2451 1028 2538 Polybio
1062 2457 1175 2519 auctor
1208 2457 1304 2538 atque
1331 2451 1427 2516 testis
1455 2447 1520 2514 fuit

348 2578 456 2624 rerum
479 2558 514 2622 in
537 2558 634 2623 Asiae
657 2559 802 2623 maribus
826 2563 1005 2645 gestarum3
1032 2561 1067 2626 in
1090 2560 1198 2644 bellis,
1221 2580 1301 2645 quae
1325 2557 1360 2622 in
1382 2554 1520 2620 Graecia

348 2665 420 2748 ipsa
449 2664 538 2730 facta
568 2669 658 2748 sunt,
688 2665 907 2731 describendis
935 2667 1008 2732 aliis
1031 2688 1070 2731 ex
1093 2666 1237 2732 fontibus
1260 2664 1378 2730 hausit.
1424 2660 1516 2737 Quod

349 2771 448 2836 etiam
477 2771 681 2855 expeditione
711 2772 746 2836 in
769 2769 930 2838 Nabidem
961 2776 1134 2856 tyrannum
1164 2772 1251 2838 facta
1282 2769 1518 2855 comprobatur.

350 2875 504 2952 Quamvis
538 2877 667 2960 copiose
698 2877 731 2942 id
764 2878 885 2943 bellum
918 2880 1096 2964 explicetur
1126 2877 1209 2967 (biv.
1227 2877 1368 2943 XXXIV
1387 2877 1440 2959 22,
1453 2875 1521 2939 4-

350 2982 403 3066 41,
419 2980 490 3070 10),
517 2987 627 3048 tamen
655 2985 731 3069 quia
758 2984 915 3068 Polybius
947 2989 1093 3052 auctores
1122 2985 1271 3051 Achaeos
1302 2985 1430 3049 secutus
1461 2985 1520 3064 est,

350 3089 388 3153 de
421 3091 517 3154 rebus
550 3113 569 3154 a
601 3090 737 3156 Rhodiis
775 3092 876 3175 gestis
914 3092 1044 3158 omnino
1077 3093 1125 3157 nil
1157 3091 1331 3156 memoriae
1363 3088 1520 3174 proditur.

349 3194 458 3282 Atque
480 3196 513 3260 id
537 3219 574 3262 eo
599 3197 705 3283 magis
734 3197 920 3280 miraberis,
943 3198 1029 3282 quod
1057 3198 1170 3264 classis
1194 3196 1394 3263 Rhodiorum
1420 3193 1519 3260 haud·

350 3324 513 3387 quaquam
545 3300 748 3388 aspernanda
780 3304 1001 3390 duodeviginti
1033 3305 1166 3370 navium
1198 3304 1286 3368 bello
1322 3297 1520 3382 intereras).

350 3408 494 3485 Quorum
517 3410 556 3474 de
579 3409 674 3475 factis
697 3410 745 3475 nil
768 3410 925 3477 audimus.

725 3660 776 3725 10.
811 3671 861 3726 De
884 3669 976 3726 bello
1000 3669 1146 3738 Syriaco.

438 3800 544 3866 Multo
563 3801 729 3866 uberiores
748 3800 886 3867 Zenonis
905 3802 1061 3888 reliquiae
1080 3804 1115 3868 in
1132 3802 1219 3867 bello
1235 3800 1366 3885 Syriaco
1385 3801 1520 3865 restant.

350 3905 421 3971 Iam
446 3906 599 3972 Romanis
630 3911 726 3993 atquc
757 3907 921 3974 Antiocho
952 3910 1072 3974 sensim
1103 3909 1142 3974 ad
1172 3906 1360 3974 inimicitias
1390 3905 1521 3971 descen-

351 4013 501 4078 dentibus
534 4035 618 4079 anno
644 4014 706 4080 197
731 4013 852 4080 Rhodii
883 4014 970 4080 iuter
999 4019 1123 4094 ceteros
1152 4011 1353 4101 excellunt3).
1398 4011 1521 4078 Auctor

440 4241 781 4310 1)P01.XV111.36-39;
801 4248 919 4312 42-4e;
940 4243 974 4298 ef.
993 4242 1315 4312 Liv.xxxlss1a-1e;
1335 4245 1449 4296 ar-ee.

439 4332 466 4399 a)
484 4329 543 4386 Liv.
557 4330 673 4384 XXXIV
687 4337 730 4400 ae,
747 4337 792 4400 11;
812 4337 855 4400 aa,
869 4338 899 4401 4;
919 4338 962 4402 eo,
978 4339 1006 4401 ⁷3
1026 4337 1069 4402 aa,
1084 4338 1113 4402 23
1132 4338 1175 4402 40,
1192 4339 1215 4387 a.

439 4420 466 4488 3)
484 4418 757 4489 P01.XV11141a‚1
778 4447 812 4466 =
830 4419 889 4475 Liv.
904 4421 1019 4475 XXXIII
1034 4426 1080 4489 203
1100 4421 1134 4477 cf.
1153 4420 1258 4475 Nissen
1277 4437 1304 4490 p.
1321 4426 1362 4474 63.
