3498 5202
800 326 994 392 ,8,

314 487 401 553 fecto
426 484 540 551 classis
563 485 709 551 Rhodiae
732 489 808 571 post
830 507 976 572 pugnam
998 485 1178 552 Ladensem
1207 487 1248 552 ad
1276 490 1424 554 senatum
1452 493 1485 555 et

313 597 467 679 prytanes
487 591 688 658 Rhodiorum
711 592 820 659 missis
840 593 1052 659 Antisthenes
1075 616 1141 660 non
1163 617 1241 660 usus
1265 599 1323 678 est,
1342 595 1484 679 quando-

314 700 445 786 quidem
467 699 623 785 Polybius
648 698 768 764 eisdem
791 698 909 766 litteris
933 699 1038 785 nisus,
1061 723 1140 786 quas
1163 701 1198 766 in
1220 705 1378 787 prytaneo
1398 701 1484 768 Rho·

315 807 443 873 diorum
466 806 609 892 legerat,
633 828 725 870 suam
748 807 969 872 narrationem
991 801 1116 892 veram,
1139 808 1344 874 Antisthenis
1366 808 1484 874 falsam

315 935 386 978 esse
410 911 586 978 affirmavit
604 910 697 1000 (XVI
718 911 769 997 15,
784 910 834 1000 8);
857 917 892 979 at
915 913 1148 999 providendum
1172 920 1230 1001 est,
1248 937 1288 980 ne
1311 916 1395 981 hanc
1416 937 1484 982 rem

316 1020 471 1086 omissam
505 1019 607 1086 nimio
640 1019 720 1085 vitio
749 1019 937 1086 Antistheni
969 1020 1094 1106 demus,
1127 1022 1280 1106 quoniam
1307 1044 1484 1106 perpaucos

146 1157 149 1162 ·
195 1166 198 1171 ·
318 1127 493 1211 scriptores
516 1148 622 1192 rerum
645 1129 770 1193 veteres
794 1126 916 1192 tabulis
939 1127 1077 1211 publicis
1100 1139 1177 1194 usos
1201 1150 1271 1194 esse
1294 1131 1430 1195 constat.

404 1250 563 1316 Nonnulli
593 1251 657 1318 viri
689 1251 775 1318 docti
807 1273 906 1317 unum
937 1252 990 1317 vel
1017 1252 1155 1318 alterum
1182 1275 1222 1319 ex
1248 1254 1365 1320 ceteris
1392 1253 1484 1319 Anti-

317 1359 488 1426 sthenibus
508 1358 643 1424 eundem
663 1380 734 1424 esse
752 1362 849 1444 atque
864 1358 1026 1425 Rhodium
1042 1359 1263 1426 demonstrare
1282 1361 1485 1427 studuerunt.

319 1465 381 1532 Sed
405 1487 469 1551 quo
493 1466 646 1551 cuiusque
668 1466 820 1532 voluntas
849 1467 1042 1551 propensior
1065 1471 1115 1532 est
1138 1467 1178 1532 ad
1203 1489 1254 1552 ea,
1277 1489 1358 1552 quae
1381 1467 1486 1558 adhuc

317 1595 442 1639 conexu
456 1577 576 1657 carent,
589 1574 674 1638 inter
689 1595 723 1638 se
742 1572 974 1659 coniungenda,
988 1594 1026 1639 eo
1045 1574 1151 1659 magis
1171 1573 1259 1640 viros
1277 1573 1353 1640 illos
1371 1573 1485 1640 eodem

315 1680 448 1747 nomine
471 1679 637 1764 praeditos
665 1680 807 1745 diversos
836 1701 906 1744 esse
934 1685 1044 1746 tenere
1068 1684 1211 1766 oportet,
1234 1684 1331 1766 atque
1355 1703 1392 1746 eo
1417 1680 1486 1745 dili·

318 1788 447 1872 gentius
471 1791 663 1870 argumenta
686 1786 788 1851 allata
812 1787 997 1852 examinare
1022 1786 1123 1853 decet.
1172 1867 1175 1872 Ι

404 1910 551 1994 Phlegon
575 1909 768 1995 Trallianus,
787 1909 947 1975 Hadriani
971 1912 1126 1997 aequalis,
1148 1912 1245 1977 tertio
1270 1911 1376 1996 capite
1399 1913 1486 1998 libri,

320 2019 376 2103 qui
408 2016 596 2082 inscribitur
623 2014 699 2100 περὶ
725 2015 971 2102 θαυμασίωνῑ),
1003 2018 1160 2084 miracula
1192 2019 1349 2102 quaedam
1376 2019 1487 2104 inepta

316 2125 473 2208 narravit,
505 2145 587 2209 quae
619 2127 695 2208 post
725 2124 884 2208 proelium
916 2125 1002 2189 inter
1031 2123 1194 2190 Romanos
1227 2127 1260 2190 ct
1288 2123 1486 2191 Antiochum

317 2229 403 2316 apud
422 2229 658 2316 Thermopylas
682 2231 888 2296 commissum
912 2252 939 2296 a.
962 2231 1023 2295 191
1049 2230 1251 2316 accidissent,
1269 2232 1357 2297 hisce
1380 2233 1486 2297 verbis

319 2337 486 2402 exordium
510 2359 652 2402 sumens:
677 2337 804 2422 ἱστορεῖ
823 2332 861 2402 dt
883 2333 938 2401 καὶ
956 2334 1173 2421 Ἀντισθένης
1196 2337 1214 2403 ὁ
1237 2337 1488 2422 περιπατητικὸς

259 2522 261 2526 .
316 2445 510 2529 φιλόσοφος.
556 2440 721 2529 Vossi0²)‚
750 2444 805 2527 qui
832 2444 918 2509 huno
944 2444 1174 2528 philosophum
1202 2465 1268 2509 non
1292 2444 1393 2509 aliurn
1417 2466 1487 2510 esse

317 2551 499 2616 coniecerat
529 2547 593 2615 nisi
625 2550 816 2634 scriptorem
848 2572 956 2615 rerum
988 2549 1204 2634 Rhodiarum,
1227 2549 1362 2617 Mueller
1382 2549 1487 2633 (PHG

316 2653 466 2742 111182)
491 2657 679 2722 adversatus
703 2660 753 2721 est
774 2657 855 2722 hacc
878 2657 945 2722 fere
969 2655 1155 2742 disputans:
1178 2657 1208 2722 si
1230 2661 1358 2743 tempus
1382 2658 1486 2722 solum

319 2767 528 2848 spectaretur,
547 2761 711 2828 Rhodium
731 2766 897 2830 auctorem
915 2763 1004 2828 illius
1023 2763 1220 2830 narrationis
1239 2764 1397 2829 absurdae
1417 2785 1487 2830 esse

317 2891 427 2956 posse3
445 2891 550 2954 neque
564 2872 676 2934 tamen
689 2869 761 2934 fieri
775 2870 929 2954 potuisse,
944 2873 981 2934 ut
993 2869 1169 2935 historicus
1183 2868 1330 2934 Rhodius
1343 2891 1487 2956 pugnam

318 2977 440 3042 nemini
473 2976 531 3042 illa
563 2981 669 3042 aetate
705 2976 853 3062 ignotam
890 2975 1010 3040 fabulis
1046 2975 1274 3041 insulsissimis
1312 2976 1487 3062 depravare

319 3084 460 3150 auderet.
505 3083 675 3148 Proximus
707 3081 810 3147 Zeller
840 3079 929 3169 (ll.)
959 3082 1041 3147 hanc
1071 3070 1294 3176 quaestionem
1323 3083 1488 3168 tractarit,

320 3213 415 3276 quem
435 3186 633 3275 Susamihl³)
656 3189 744 3255 omni
768 3210 804 3254 ex
830 3192 922 3272 parte
946 3193 1075 3254 secutus
1095 3192 1152 3254 est.
1190 3189 1239 3254 Ac
1256 3190 1398 3274 primum
1417 3190 1488 3274 qui-

320 3296 391 3362 dem
407 3295 513 3362 Zeller
532 3318 605 3363 cum
624 3296 781 3362 Muellero
799 3296 861 3361 hac
880 3295 966 3361 inre
986 3296 1158 3382 consensit,
1172 3296 1256 3382 quod
1275 3296 1332 3361 ille
1352 3297 1487 3381 scripto-

319 3426 387 3469 rem
411 3426 430 3468 a
449 3402 586 3489 Polybio
610 3403 744 3489 dignum
768 3404 925 3485 habitum,
944 3403 1000 3489 qui
1023 3402 1135 3488 magni
1154 3404 1386 3486 aestimaretur,
1406 3403 1488 3468 tales
1612 3446 1615 3454 -

318 3530 423 3595 nugas
446 3531 550 3593 neque
574 3509 703 3575 credere
726 3531 829 3594 neque
851 3531 983 3575 narrare
1006 3510 1150 3594 potuisse
1173 3513 1345 3596 statuerat;
1367 3511 1488 3576 etenim

318 3616 406 3681 haud
434 3616 567 3680 dubium
595 3637 680 3700 esse,
707 3617 786 3699 quin
813 3614 966 3701 Polybius
990 3615 1218 3680 Antisthenem
1246 3616 1488 3700 vituperatur’us

320 3723 433 3807 fuerit,
465 3723 493 3787 si
525 3721 665 3805 ineptias
697 3722 770 3787 illas
799 3721 883 3806 apud
912 3744 984 3787 eum
1014 3719 1188 3809 legisset‘).
1233 3721 1383 3788 Fabellas
1414 3723 1487 3788 illas

409 4007 436 4076 1)
454 4004 702 4075 Paradoxographi
720 4004 829 4075 Graeci,
849 4004 891 4060 ed.
907 4004 1106 4060 Weetermann
1122 4022 1149 4075 p.
1166 4009 1217 4058 125
1228 4021 1287 4072 sqq.

408 4096 435 4164 2)
453 4093 495 4148 De
513 4092 655 4148 historicis
674 4093 789 4150 Graecis
807 4092 874 4148 libri
892 4093 932 4148 Ill
950 4111 976 4163 p.
993 4099 1052 4149 393.

409 4185 436 4254 3)
455 4182 621 4239 Geschichte
641 4182 691 4237 der
709 4183 780 4238 alex.
798 4181 867 4239 Litt.
886 4182 965 4237 1500
984 4183 1049 4237 adn.
1063 4187 1105 4237 48.

407 4274 435 4340 4)
455 4273 531 4341 quod
556 4274 753 4341 argumentum
779 4271 922 4326 Schwartz
946 4270 1214 4342 (Pauly-wissowa,
1238 4262 1420 4328 Antisthenes
1444 4274 1488 4342 9.),
1591 4291 1594 4296 ·

319 4363 396 4416 recte
414 4360 495 4418 futile
515 4376 576 4416 esse
603 4360 712 4415 censuit
729 4359 927 4415 Antisthenem
945 4359 1062 4429 Polybio
1086 4376 1121 4414 ex
1140 4359 1258 4415 Zenonis
1280 4361 1392 4416 tantum
1415 4377 1488 4415 com-

319 4448 570 4505 memorationibue
589 4451 687 4503 notum
705 4447 793 4504 fuisse
813 4448 1040 4504 demonstrando.
