3498 5202
692 356 912 420 -31-

217 512 304 598 quod
325 511 464 597 Ephesi,
492 513 526 578 in
555 513 634 579 urbe
658 510 813 578 Sardibus
841 514 961 595 vicina,
989 512 1128 597 viveret,
1156 534 1229 578 cum
1252 514 1387 580 Rhodus

217 619 321 684 multo
344 619 555 704 longinquior
578 621 671 685 esset.
709 618 854 684 Eandem
874 619 916 684 ob
936 641 1067 684 causam
1086 619 1237 684 Achaeus
1255 619 1387 685 nuntios

215 737 286 804 τοῖς
307 724 383 813 περὶ
405 727 466 792 τὸν
484 728 711 810 Μελαγκόμαν
730 723 827 813 (VIII
846 726 898 811 21,
912 723 949 812 4)
974 748 1008 791 se
1031 726 1206 790 missurum
1230 748 1300 791 esse
1318 727 1388 811 pol-

215 833 325 899 licitus
350 837 407 898 est.
444 832 516 910 Quo
539 834 645 918 magis
669 833 788 897 mirum
812 836 862 896 est
885 831 979 917 quod,
998 854 1062 916 quo
1081 831 1187 917 primo
1210 832 1281 899 loco
1301 837 1388 898 uter-

217 962 280 1024 que
308 943 592 1025 commemoretur,
615 939 836 1005 Melancomas
865 939 1057 1024 simpliciter
1083 939 1267 1004 nominetur
1291 936 1388 1026 (VIII

219 1048 270 1131 17,
285 1043 336 1132 9):
366 1049 449 1132 πρὸς
470 1047 698 1130 Μελαγκόμαν
725 1047 772 1123 εἰς
791 1044 953 1131 Ἔφεσον,
981 1043 1175 1111 Nicomachi
1203 1050 1236 1111 et
1265 1046 1387 1111 Achaei

218 1154 362 1219 amicitia
392 1153 519 1238 copiose
549 1153 747 1219 illustretur:
783 1153 866 1239 πρὸς
895 1153 1091 1238 Νικόμαχον
1121 1153 1168 1228 εἰς
1192 1150 1321 1236 Ῥόδον,
1352 1153 1389 1230 ὃς

217 1259 324 1326 ἐδόκει
355 1261 479 1346 πατρὸς
510 1262 598 1344 ἔχειν
631 1260 787 1325 διάθεσιν
818 1260 901 1325 κατὰ
931 1260 993 1344 τὴν
1025 1259 1161 1325 εὔνοιαν
1193 1257 1249 1324 καὶ
1276 1262 1388 1326 πίστιν

216 1369 299 1454 πρὸς
326 1369 387 1432 τὸν
406 1363 547 1453 Ἀχαιόν.
594 1366 682 1442 Quae
715 1368 828 1452 verba,
856 1389 928 1432 cum
956 1389 1022 1431 non
1051 1367 1091 1430 ad
1120 1370 1242 1431 sortem
1264 1366 1387 1432 Achaei

218 1475 441 1558 exponendam
461 1478 615 1559 spectent,
635 1474 676 1538 ab
696 1473 805 1558 aliquo
826 1477 957 1538 auctore
972 1472 1157 1557 conscripta
1174 1495 1243 1538 esse
1262 1495 1388 1559 censeo,

217 1580 270 1645 cui
297 1602 350 1645 res
373 1579 563 1646 Nicomachi
591 1580 682 1646 cordi
710 1584 817 1664 erant,
846 1603 902 1646 seu
930 1579 1148 1646 Nicomachus
1176 1579 1246 1663 ipse
1272 1584 1388 1663 postea

217 1686 364 1752 libellum
388 1688 586 1773 singularem
609 1687 661 1752 his
681 1687 720 1752 de
743 1688 839 1753 rebus
863 1687 1055 1771 composuit,
1073 1709 1130 1752 seu
1154 1687 1236 1752 alius
1257 1687 1387 1772 quidam
1421 1685 1426 1698 '

217 1791 407 1858 Nicomachi
434 1795 571 1879 amicus,
600 1817 656 1860 seu
680 1793 790 1860 Zenon
812 1794 944 1860 uberius
968 1794 1007 1858 de
1030 1793 1162 1859 Achaeo
1185 1793 1221 1857 in
1249 1794 1388 1860 historia

217 1919 278 1964 sua
300 1901 378 1984 egit.

464 2134 497 2198 4.
532 2145 581 2199 De
603 2142 708 2198 rebus
731 2141 878 2212 Syriacis
902 2144 938 2197 et
959 2141 1140 2212 Aegyptiis.

307 2272 423 2340 Cetera
444 2274 585 2341 historia
604 2274 717 2360 Syriae
742 2299 761 2340 a
779 2275 917 2360 Polybio
937 2275 1100 2359 descripta
1119 2275 1270 2340 minimas
1292 2298 1388 2341 ansas

219 2381 258 2444 ad
292 2381 534 2466 cognoscendos
563 2381 670 2447 fontes
701 2382 844 2467 praebet.
889 2382 1121 2466 Expeditiones
1153 2383 1193 2447 ab
1223 2382 1388 2448 Antiocho

218 2486 338 2573 Magno
358 2487 393 2552 in
411 2489 577 2572 superiora
596 2489 694 2554 Asiae
714 2489 882 2554 institutae
890 2486 917 2576 ¹)
936 2489 1057 2553 multas
1076 2510 1154 2554 sane
1173 2511 1225 2553 res
1245 2489 1389 2575 singulas

218 2594 385 2678 exhibent,
411 2595 495 2660 unde
522 2595 655 2681 Polybii
687 2599 836 2661 auctores
868 2597 919 2662 vel
948 2600 1111 2660 auctorem
1145 2618 1196 2675 ea,
1225 2617 1305 2679 quae
1336 2595 1389 2659 hic

218 2706 405 2782 narrantur,
437 2723 546 2767 coram
579 2705 612 2766 et
641 2702 708 2767 suis
738 2702 840 2768 oculis
869 2702 986 2766 vidisse
1014 2701 1224 2786 intellegitur.
1270 2700 1389 2767 Utrum

218 2830 294 2873 vero
314 2807 470 2892 Polybius
494 2808 574 2874 haec
597 2809 667 2892 ipse
687 2831 726 2873 ex
751 2807 890 2874 testibus
913 2808 980 2873 illis
1005 2808 1200 2892 quaesiverit
1220 2829 1262 2872 an
1281 2807 1390 2874 Zenon

218 2914 269 2979 vel
294 2915 378 2980 alius
403 2915 532 3000 quidam
558 2913 698 2999 scriptor
720 2915 974 3000 interponendus
999 2916 1057 2999 sit,
1080 2916 1115 2979 in
1138 2915 1184 2980 eis
1209 2936 1278 2979 esse
1302 2920 1390 3000 puto,

219 3020 258 3085 de
283 3020 400 3106 quibus
424 3024 547 3087 certum
571 3021 725 3087 iudicium
747 3021 825 3086 ferri
848 3024 996 3106 nequeat

309 3126 404 3193 Scala
435 3124 511 3214 (1.1.
543 3151 574 3213 p.
592 3125 673 3216 262)
711 3128 790 3193 duas
825 3127 1003 3213 particulas
1040 3150 1148 3194 rerum
1183 3127 1390 3213 Syriacarum

219 3232 341 3300 Zenoni
364 3234 466 3300 dedit:
490 3257 527 3301 ec
550 3234 692 3319 primum
711 3236 842 3320 quidem
861 3234 1015 3299 Antiochi
1035 3235 1156 3300 bellum
1175 3257 1249 3300 cum
1268 3233 1389 3301 Arsace

219 3345 348 3425 gestum
366 3337 411 3428 (X
425 3339 587 3428 27—31);
607 3345 639 3406 et
658 3362 716 3407 suc
735 3342 803 3407 iure
821 3340 919 3406 huius
938 3341 1164 3425 descriptionis
1183 3345 1255 3406 tota
1273 3347 1390 3407 nature

219 3447 361 3531 primum
385 3451 549 3513 auctorem
572 3449 679 3533 ipsum
699 3448 774 3512 huic
794 3447 991 3532 expeditioni
1014 3447 1050 3511 in
1073 3448 1215 3513 exercitu
1234 3447 1390 3512 Antiochi

219 3553 405 3619 interfuisse
428 3553 563 3621 indicari
591 3555 770 3639 contendit3
802 3554 919 3628 iniuria
946 3576 1022 3619 vero
1046 3553 1278 3640 Polyxenidam
1300 3553 1390 3620 Rho-

220 3659 323 3743 dium,
355 3662 411 3747 qui
443 3684 520 3727 sane
552 3663 585 3726 in
618 3662 761 3728 exercitu
792 3660 926 3745 Syriaco
960 3665 1030 3726 erat
1058 3659 1103 3746 (X
1121 3661 1174 3746 29,
1189 3661 1239 3747 6),
1269 3660 1390 3725 Zenoni

219 3767 391 3833 materiam
414 3767 601 3854 praebuisse
625 3769 714 3834 dixit.
750 3766 815 3833 Hic
838 3769 924 3833 enim
944 3768 1008 3833 dux
1031 3766 1171 3832 militum
1195 3768 1293 3833 etiarn
1312 3768 1391 3832 belli

221 3874 262 3939 ab
281 3873 444 3941 Antiocho
464 3897 536 3941 cum
554 3875 711 3940 Romanis
730 3876 817 3959 gesti
835 3875 998 3960 particeps
1022 3872 1135 3960 erar).
1170 3873 1283 3958 Neque
1303 3873 1390 3938 enim

220 3984 356 4066 uterque
374 3980 589 4068 Polyxenidas
614 3980 769 4066 diversus,
788 3982 844 4048 sed
867 4003 950 4047 unus
973 3981 1121 4066 idemque
1140 3985 1224 4064 erat;
1246 3980 1390 4063 primum

310 4212 336 4280 r)
355 4211 414 4267 Pol.
428 4210 454 4264 V
468 4216 511 4279 ro,
526 4215 622 4280 5-5s‚
639 4216 685 4279 153
703 4209 767 4264 VII]
782 4215 828 4278 253
847 4209 947 4279 1x433
971 4209 1127 4277 xer-313
1147 4214 1265 4277 48-493
1290 4208 1328 4262 XI
1343 4213 1387 4275 343

222 4297 287 4352 XIII
320 4344 326 4355 .

301 4306 337 4458 92)
356 4388 396 4443 Os.
415 4388 474 4445 Liv.
489 4389 592 4444 XXXV
606 4395 648 4459 50,
665 4395 693 4457 73
713 4389 828 4444 XXXVI
841 4393 866 4458 8,
883 4396 910 4458 13
930 4389 1059 4444 XXXVII
1074 4394 1174 4457 8sqq.;
1193 4388 1264 4457 App.
1281 4386 1326 4456 Sy.
1338 4391 1387 4456 143

221 4481 268 4544 223
288 4481 335 4545 ar,
355 4482 397 4532 ar.
1417 4485 1423 4496 ‚
