3498 5202
679 369 955 456 '-15—

353 550 416 617 Sed
449 551 530 616 istos
563 573 687 616 errores
719 550 879 636 Polybius
911 553 981 634 ipse
1014 552 1150 616 leviores
1186 556 1277 616 ratus
1309 552 1432 618 Zenoni

258 657 386 742 ignovit
409 654 503 743 (XVI
524 657 574 741 17,
589 654 640 743 8);
669 655 860 742 gravissime
885 679 959 721 eum
980 656 1190 742 vituperavit,
1213 658 1299 742 quod
1321 681 1430 723 narra-

259 764 381 829 tionem
406 767 476 828 arte
496 764 640 829 oratoria
658 785 812 829 exornare
832 764 1009 848 maluisset,
1029 786 1125 848 quam
1144 786 1251 829 rerum
1274 787 1431 830 conexum

258 870 455 955 investigare
483 870 714 954 materiamque
737 870 876 935 dilucide
900 870 1053 956 digerere.
1099 871 1145 935 At
1170 870 1344 955 Polybium
1367 872 1429 938 hac

257 976 290 1041 iu
306 999 341 1042 re
357 977 531 1042 acerbitate
545 999 647 1061 paene
666 977 839 1042 immodica
854 999 946 1041 usum
966 999 1036 1042 esse
1055 976 1253 1042 crediderim.
1284 976 1429 1063 Scripto-

257 1105 326 1148 rem
346 1084 432 1148 enim
451 1082 705 1167 celeberrimum,
724 1106 818 1169 quem
837 1087 947 1148 tamen
965 1083 1000 1147 iu
1017 1083 1164 1149 historiis
1184 1084 1425 1150 conscribendis

258 1213 278 1254 a
301 1188 423 1255 Gratiis
455 1190 644 1275 neutiquam
677 1190 822 1255 adiutum
855 1212 925 1255 esse
958 1189 1038 1254 satis
1072 1194 1212 1273 constat,
1240 1191 1301 1256 hac
1329 1192 1364 1256 iu
1394 1213 1430 1256 re

257 1295 395 1362 iudicem
418 1297 582 1382 integrum
606 1319 675 1362 esse
698 1317 797 1381 nego,
820 1297 883 1361 huc
906 1297 1038 1382 accedit,
1061 1297 1146 1381 quod
1170 1296 1280 1362 Zenon
1303 1297 1425 1363 inscius

257 1401 387 1486 Polybii
405 1403 486 1467 iram
507 1404 665 1469 excitasse
684 1404 766 1469 mihi
785 1404 921 1488 videtur,
939 1403 1016 1488 quia
1034 1404 1103 1489 ipse
1123 1403 1252 1488 saepius
1272 1393 1428 1469 facultate

173 1572 174 1576 ,
258 1531 316 1574 sua
338 1511 427 1575 laute
451 1515 483 1575 et
506 1511 607 1595 polite
629 1510 783 1575 narrandi
807 1510 966 1595 gloriatus
990 1516 1040 1575 est
1063 1507 1154 1596 (XVI
1174 1510 1225 1592 17,
1239 1506 1285 1594 9).
1331 1509 1428 1574 Prae·

259 1620 349 1681 terea
370 1616 404 1680 id
428 1637 529 1702 genus
549 1617 710 1682 scribendi
732 1639 800 1683 non
817 1616 955 1682 Zenonis
978 1617 1145 1701 proprium
1169 1620 1249 1700 erat,
1268 1615 1324 1681 sed
1342 1638 1428 1681 com-

259 1743 354 1786 muue
375 1744 448 1787 cum
467 1722 616 1807 plurimis
636 1724 703 1788 eius
724 1724 840 1790 aetatis
860 1723 1082 1808 scriptoribus,
1101 1726 1198 1809 atque
1218 1725 1264 1788 eis
1287 1723 1428 1809 quidem,

260 1831 314 1913 qui
339 1830 461 1896 maiore
483 1831 641 1895 lectorum
665 1831 772 1915 gratia
794 1830 956 1896 florebant
980 1853 1077 1915 quam
1100 1829 1270 1916 Polybius;
1293 1830 1379 1916 quod
1400 1832 1428 1896 is

258 1936 327 2021 ipse
350 1959 424 2002 cum
446 1937 558 2001 multis
582 1937 655 2001 aliis
682 1935 763 2002 locis
791 1941 861 2002 tum
890 1937 951 2002 hoc
980 1960 1106 2022 quoque
1135 1960 1200 2003 non
1229 1939 1298 2003 sine
1321 1939 1429 2024 aliqua

257 2044 378 2108 invidia
402 2043 600 2129 significavit
624 2041 718 2132 (XVI
737 2044 788 2129 17,
802 2043 847 2129 9).

348 2167 394 2234 Ut
413 2167 650 2234 demonstraret
664 2168 825 2234 Zenonem
844 2191 910 2234 non
931 2191 1057 2253 semper
1076 2172 1241 2253 spectatae
1260 2169 1335 2234 fidei
1350 2191 1428 2253 esse,

258 2271 417 2358 Polybius
437 2275 476 2338 ad
495 2296 638 2360 pugnam
662 2276 746 2360 apud
765 2275 904 2340 Panium
922 2276 1130 2341 commissam
1148 2275 1346 2360 provocavit.
1381 2276 1428 2341 Ac

260 2380 406 2463 profecto
431 2381 460 2445 ei
484 2381 639 2469 contigit,
658 2386 695 2446 ut
718 2386 880 2448 auctorem
901 2382 1063 2448 Rhodium
1084 2381 1245 2447 interdum
1268 2403 1320 2446 res
1343 2383 1430 2446 iuter

261 2509 295 2552 se
310 2487 530 2573 discrepantes
546 2490 720 2554 memoriae
735 2489 913 2575 prodidisse
934 2489 1131 2570 ostenderet,
1153 2492 1188 2554 at
1205 2487 1312 2573 ipsum
1328 2487 1427 2552 etiam

259 2593 390 2659 modum
421 2595 625 2678 vituperandi
659 2597 834 2661 excessisse
867 2617 905 2660 ex
936 2596 1039 2679 ipsius
1069 2594 1177 2660 verbis
1210 2594 1428 2680 colligendum

260 2704 311 2765 est
337 2698 430 2786 (XVI
452 2698 666 2789 19,10sqq.)‚
698 2703 813 2787 quibus
846 2700 967 2767 Zenoni
1001 2703 1175 2786 opprobrio
1209 2701 1311 2785 dedit,
1343 2701 1429 2786 quod

261 2804 408 2892 Scopam,
427 2805 665 2894 Aegyptiorum
689 2808 810 2893 ducem,
833 2809 969 2874 eundem
992 2808 1133 2893 primum
1157 2811 1254 2894 atque
1277 2808 1429 2873 ultimum

260 2935 277 2977 e
300 2914 425 2998 proelio
450 2913 668 2999 egredientem
690 2913 830 2982 fecisset.
867 2914 960 2980 Hanc
983 2915 1068 2979 euim
1088 2915 1360 3000 vituperationem
1383 2915 1429 2978 iu·

259 3020 381 3086 iustam
405 3042 475 3086 esse
499 3044 538 3086 ex
558 3020 687 3106 Polybii
710 3022 812 3106 ipsius
837 3021 1053 3106 descriptione
1076 3022 1284 3106 perspicitur:
1308 3019 1428 3105 Scopas

259 3127 353 3192 novis
376 3126 526 3193 hostibus
547 3128 884 3213 appropinquantibus
905 3127 1034 3213 signum
1053 3128 1197 3212 receptui
1216 3127 1317 3212 dedit,
1340 3131 1428 3212 post·

260 3254 358 3317 quam
381 3236 489 3299 autem
512 3256 571 3321 per
589 3234 650 3299 hos
669 3235 757 3318 ipsos
776 3234 887 3300 hostes
906 3234 1025 3300 iterum
1044 3254 1188 3320 pugnam
1206 3234 1428 3316 redintegrare

223 3371 226 3380 Δ
261 3343 390 3404 coactus
428 3344 493 3427 est,
528 3363 610 3407 novo
648 3341 772 3426 proelio
806 3341 953 3406 confecto
986 3341 1120 3405 ultimus
1154 3361 1283 3425 pugnae
1321 3340 1428 3404 locum

261 3444 400 3530 reliquit.

350 3569 465 3636 Cetera
488 3576 596 3637 autem
621 3573 752 3658 Polybii
779 3573 915 3638 crimina
943 3574 1052 3639 omnia
1078 3573 1166 3637 iusta
1189 3571 1364 3658 Zenonem,
1393 3573 1430 3634 ut

260 3676 434 3762 Rhodium,
452 3679 499 3743 rei
517 3679 679 3766 militaris,
697 3702 779 3765 quae
803 3680 932 3765 quidem
956 3679 997 3744 ad
1019 3700 1145 3765 pugnas
1168 3678 1334 3764 pedestres
1357 3699 1429 3763 per-

260 3784 378 3866 tineat,
410 3808 478 3851 nou
508 3785 556 3850 ita
582 3787 723 3871 peritum
751 3786 851 3851 fuisse
879 3786 1004 3851 docent.
1049 3783 1100 3850 Ne
1133 3788 1240 3850 autem
1272 3783 1429 3848 eiusmodi

262 3892 426 3957 erroribus
449 3892 588 3957 nimium
611 3892 782 3971 tribuatur,
800 3892 932 3976 Polybii
954 3891 1065 3977 ipsius,
1085 3892 1225 3957 auctoris
1249 3890 1430 3975 diligentis·

261 3997 350 4082 simi,
374 4000 555 4092 exemplum
584 4003 708 4064 monet:
741 4022 813 4064 cum
845 4001 930 4064 enim
958 4020 1101 4084 pugnam
1130 3997 1169 4064 ad
1199 3996 1316 4064 Chium
1344 4019 1429 4063 com-

261 4103 394 4169 missam
419 4105 617 4172 doscriberot
640 4129 747 4190 unam,
770 4105 834 4171 tria
857 4107 938 4172 vitia
961 4106 1124 4173 commisit
1147 4105 1201 4192 (cf.
1225 4127 1255 4189 p.
1274 4102 1340 4190 39).
