3498 5202
735 363 956 428 -67-.

347 524 518 590 Orationes
542 545 677 609 quoque,
699 545 780 608 quas
803 522 906 607 legati
924 521 1123 586 Rhodiorum
1146 521 1180 585 ln
1205 523 1319 585 senatu
1342 519 1426 584 dixe-

258 635 347 717 runt,
374 630 546 716 Polybium
574 631 608 695 in
636 629 727 694 fonte
756 651 814 694 suo
841 627 960 714 legisse
990 627 1072 692 mihi
1100 627 1229 712 quidem
1257 624 1426 712 probabile

258 739 399 823 videtum
421 758 526 822 neque
545 759 631 821 vero,
650 758 723 802 oum
743 740 846 800 artem
866 735 1045 801 oratoriam
1064 737 1299 819 aspernaretur,
1318 755 1352 798 se
1372 755 1426 798 eas

257 845 472 928 repetiturum
497 865 566 909 esse
589 842 744 907 indicavit
764 841 854 907 hisce
882 863 959 906 usus
987 840 1114 905 facetiis
1143 838 1312 926 acerbis¹):
1345 841 1428 905 nard

258 952 319 1035 τὴν
342 951 522 1034 παροιμίαν
550 949 587 1014 τὸ
615 949 772 1014 κύκνειον
802 946 1025 1033 ἐξηχήσοινιες,
1071 946 1144 1012 Ηοο
1172 947 1378 1031 proverbium
1408 969 1428 1011 a

258 1057 396 1141 Polybio
419 1058 490 1141 ipso
514 1056 671 1121 inscrtum
695 1077 765 1120 esse
788 1056 887 1120 etiam
911 1077 948 1120 eo
971 1055 1137 1138 probatur,
1160 1055 1246 1138 quod
1271 1054 1336 1118 alio
1355 1054 1428 1117 loco

260 1160 341 1250 (Pol.
359 1161 469 1226 XXXI
487 1159 591 1248 20,1)
614 1163 732 1227 iterum
755 1161 871 1226 iisdem
893 1161 959 1226 fere
982 1161 1090 1226 verbis
1113 1163 1288 1244 repetatur.
1319 1157 1428 1244 Atque

260 1270 342 1333 milri
364 1269 493 1353 quidem
516 1291 706 1352 persuasum
729 1273 781 1333 est
811 1267 940 1353 saepius
964 1266 1138 1351 Polybium
1162 1267 1325 1332 orationes
1349 1265 1429 1331 omi·

261 1375 354 1458 sisse,
387 1396 467 1459 quas
499 1375 534 1440 in
561 1375 700 1441 Zenonis
733 1375 870 1440 historia
897 1375 1036 1460 legerat3
1068 1374 1100 1438 id
1133 1373 1221 1459 quod
1253 1370 1429 1436 identidem

261 1481 400 1565 scriptor
422 1482 491 1567 ipse
515 1477 754 1568 significarit2).

348 1588 388 1653 In
420 1588 521 1653 altera
551 1589 649 1653 huius
680 1587 797 1673 capitis
829 1590 921 1673 parte
950 1585 1060 1671 (XXX
1078 1581 1274 1673 4,10-1r)·
1298 1585 1428 1668 Polybii

260 1695 364 1779 ipsius
392 1695 493 1760 verba
519 1695 683 1780 leguntur:
711 1692 904 1778 Astymedes
932 1692 1077 1758 Rhodius
1106 1692 1191 1757 enim
1220 1691 1431 1757 vehementis-

262 1801 341 1865 sime
361 1800 539 1866 offenderat
562 1806 695 1886 propter
713 1801 886 1882 rationem,
906 1822 970 1885 qua
986 1799 1128 1885 patriam
1147 1821 1241 1864 suam
1260 1797 1429 1863 defendere

262 1908 441 1992 studuerat3
457 1908 536 1992 quin
550 1909 649 1972 etiam
663 1908 748 1974 hanc
763 1908 944 1975 orationem
959 1907 1056 1972 vilem
1070 1906 1192 1992 publici
1207 1906 1286 1970 iuris
1300 1905 1430 1970 fecerat.

261 2012 429 2100 Polybius,
462 2037 534 2081 cum
568 2016 748 2081 orationem
782 2015 989 2080 acerbissime
1021 2015 1210 2100 castigaret,
1244 2035 1315 2077 earn
1352 2033 1430 2076 sane

260 2120 398 2207 legerat,
415 2143 518 2205 neque
538 2124 647 2187 tamen
666 2143 705 2186 ea
722 2122 758 2187 in
778 2121 924 2187 fontibus
939 2121 1035 2186 huius
1051 2119 1218 2205 scriptoris
1233 2118 1431 2183 numeranda

262 2231 320 2310 est,
344 2228 429 2313 quod
449 2226 545 2293 Scala
568 2226 613 2314 (p.
632 2227 713 2314 267)
736 2228 823 2314 fecit,
841 2228 994 2313 quoniam
1013 2227 1168 2310 Polybius
1192 2225 1263 2309 ipse
1286 2247 1320 2290 se
1338 2224 1431 2290 illam

262 2335 447 2399 contionem
469 2335 663 2400 iteratorum
686 2357 756 2400 esse
778 2335 912 2421 negavit
935 2331 1044 2422 (XXX
1061 2335 1093 2420 4,
1107 2332 1150 2419 7).

349 2440 460 2506 Etiam
482 2440 575 2506 XXX
594 2441 615 2507 5
643 2441 781 2506 Zenonis
810 2463 879 2506 esse
909 2463 996 2526 reor,
1020 2443 1164 2524 auctore,
1187 2444 1224 2503 ut
1246 2439 1294 2505 ita
1317 2439 1431 2523 dicam,
1543 2487 1544 2490 η

263 2568 336 2611 cum
356 2546 541 2613 Philocrate
559 2549 668 2633 legato
687 2547 839 2613 Rhodum
857 2549 1018 2612 redeunte.
1042 2546 1132 2611 Inter
1150 2568 1197 2626 ea,
1213 2567 1295 2630 quae
1310 2544 1431 2610 Rhodii

262 2657 341 2718 tunc
363 2655 515 2739 fecerunt,
533 2655 596 2719 hoo
619 2655 700 2719 mihi
724 2655 859 2741 dignum
878 2655 1014 2737 videtur,
1033 2654 1119 2739 quod
1139 2675 1284 2718 seorsum
1308 2673 1429 2716 memo-

263 2762 361 2844 retur,
380 2760 465 2846 quod
483 2761 602 2825 Rhodii
621 2758 866 2848 Theaetetum3)
886 2760 984 2825 simul
1006 2759 1153 2846 legatum
1174 2762 1207 2824 et
1229 2758 1431 2824 nauarchum

263 2870 465 2950 creaverunt3
492 2867 656 2932 nauarcho
685 2868 771 2932 enim
802 2867 865 2932 soli
894 2867 1025 2932 foedera
1048 2889 1121 2931 cum
1146 2865 1218 2930 aliis
1242 2865 1431 2931 civitatibus

263 2971 331 3036 sine
350 2972 546 3056 populiscito
566 2972 704 3037 faciendi
722 2977 870 3058 potestas
889 2977 968 3037 erat.
991 2973 1028 3037 ld
1048 2973 1155 3058 ipsum
1173 2971 1293 3036 Rhodii
1310 2971 1433 3036 Theae·

262 3081 365 3142 tetum
388 3100 475 3143 nunc
497 3101 570 3144 cum
594 3078 750 3145 Romanis
773 3079 878 3144 facere
902 3079 1065 3162 volebant,
1089 3083 1186 3163 atque
1209 3079 1322 3143 eodem
1343 3100 1432 3143 more

262 3187 375 3268 postea
398 3207 526 3269 quoque
549 3185 668 3250 iterum
690 3185 742 3250 usi
764 3189 842 3251 sunt
866 3183 948 3270 (Pol.
967 3183 1111 3249 XXXIII
1131 3184 1181 3267 15,
1196 3181 1240 3271 3).

353 3290 476 3355 Deinde
498 3289 619 3356 Rhodii
642 3290 765 3356 laudati
789 3287 909 3378 sunt4),
933 3291 1049 3376 quibus
1073 3290 1277 3376 contigisset,
1300 3294 1337 3355 ut
1360 3312 1433 3356 cum

264 3395 420 3462 Romanis
444 3418 501 3481 per
522 3397 586 3462 140
600 3393 638 3483 (Ι)
659 3419 761 3462 annos
784 3419 836 3462 res
861 3398 983 3483 optime
1006 3401 1116 3483 gestas
1141 3398 1434 3462 communicassent

265 3501 392 3567 foedere
415 3502 509 3567 firmo
532 3524 597 3568 non
621 3503 726 3582 faot03
755 3526 940 3588 quanquam
963 3504 1020 3569 illo
1044 3505 1116 3588 ipso
1140 3509 1287 3588 tempore
1309 3526 1432 3569 morem

263 3610 349 3673 hunc
372 3607 507 3674 Rhodiis
532 3631 658 3675 summo
682 3611 877 3676 detrimento
907 3611 1010 3676 fuisse
1043 3612 1114 3697 quis
1146 3616 1197 3677 est
1227 3613 1283 3696 qui
1311 3611 1433 3698 neget?

264 3714 352 3792 Quae
375 3714 487 3781 laudes
510 3719 683 3800 propterca
705 3716 867 3782 Zenonem
891 3717 1035 3783 redolere
1060 3718 1140 3783 mihi
1164 3718 1324 3804 videntur,
1348 3719 1434 3802 quod

265 3823 363 3888 etiam
395 3822 564 3888 simillima
601 3822 685 3907 apud
716 3821 896 3888 Diodorum
927 3819 1003 3910 (XX
1022 3825 1074 3908 81,
1088 3823 1124 3910 2)
1157 3828 1432 3910 oppugnationem

355 4035 381 4103 1)
398 4032 457 4088 Pol.
472 4032 550 4086 XXX
563 4037 588 4102 4,
605 4037 633 4100 73
652 4031 732 4088 Diod.
747 4033 838 4087 XXXI
851 4038 876 4103 5,
892 4038 920 4103 l;
940 4038 964 4105 5,
981 4041 1009 4102 23
1029 4038 1054 4104 5,
1069 4039 1095 4088 3.

355 4124 382 4190 2)
402 4121 442 4177 Of.
461 4121 521 4178 Pol.
535 4121 653 4176 XXVIII
666 4127 708 4191 23,
724 4128 753 4178 2:
785 4123 903 4186 πολλοὺς
930 4124 1089 4177 διετίθεντο
1114 4120 1224 4193 λόγιοςς
1256 4123 1346 4177 XXXI
1365 4130 1389 4189 1,
1404 4130 1433 4178 3:

267 4212 385 4273 πολλοὺς
403 4210 452 4265 καὶ
470 4213 614 4274 ποικίλους
633 4209 828 4282 διατιθέμενοι
851 4209 962 4282 λόγονς;
989 4213 1137 4281 praeterea
1159 4212 1238 4282 legas
1256 4211 1346 4267 XXVI
1364 4219 1389 4282 6,
1406 4220 1434 4282 1;

265 4298 368 4352 XXVII
382 4305 406 4370 a,
421 4305 451 4369 a;
470 4306 495 4369 4,
511 4305 540 4368 83
560 4305 584 4369 r,
600 4306 641 4355 ra.

355 4392 382 4456 3)
400 4388 635 4457 Pol.XXX5,4;
653 4388 711 4446 niv.
726 4388 800 4442 XLV
815 4395 857 4459 25,
873 4396 897 4445 7.
1155 4455 1157 4458 Ι

354 4479 382 4549 4)
400 4477 459 4532 Pol.
474 4477 550 4531 XXX
565 4482 590 4547 5,
605 4483 688 4548 6—8;
707 4478 742 4534 cf.
762 4478 874 4534 Cassius
892 4478 954 4550 Dio,
973 4480 1016 4536 ed.
1036 4478 1229 4535 Malberianae
1247 4480 1281 4535 fr.
1297 4485 1339 4549 67,
1355 4485 1433 4535 2-3.

1186 4570 1223 4624 5*
