3498 5202
744 310 965 376 ..55-

268 473 408 559 quodam
431 471 560 538 Rhodio
590 471 708 537 deberi.
754 472 801 554 At
830 471 908 537 lieet
935 471 998 537 hoo
1028 471 1075 536 ita
1106 493 1140 536 se
1169 470 1303 557 habeat,
1332 474 1441 538 omnia

267 579 398 646 Rhodia
420 600 490 644 esse
513 579 645 643 minime
668 579 873 662 exploratum
897 581 955 643 est.

357 682 451 750 Scala
474 681 519 772 (p.
538 685 603 751 219
614 682 708 772 sqq.),
728 685 929 751 orationibus
948 684 1105 750 Eumenis
1128 688 1161 751 et
1179 683 1382 752 Rhodiorum
1406 687 1440 751 in

268 795 384 859 senatu
406 789 565 876 habitis¹)
584 792 678 876 plura
697 791 863 856 doetrinae
887 791 1009 857 stoicae
1027 791 1146 857 indioia
1170 792 1328 857 contineri
1347 797 1438 859 ratus

267 921 364 985 quom
394 897 509 963 ceteris
532 897 735 982 Polybianie,
764 919 818 963 aas
849 920 869 962 a
897 897 1034 983 Polybio
1065 897 1136 982 ipso
1169 897 1376 983 abiudicavit,
1407 903 1440 964 et

267 1007 407 1071 fortasse
425 1004 617 1069 Panaetium
635 1005 742 1090 ipsum
761 1003 917 1090 Rhodios,
935 1005 1108 1089 populares
1128 1026 1217 1088 suos,
1238 1004 1272 1069 in
1291 1005 1438 1072 oratione

267 1110 490 1178 ‘fabricanda’
523 1111 685 1176 adiuvisse
719 1111 868 1196 coniecit,
901 1115 936 1175 at
960 1107 1105 1198 Unger²)
1133 1110 1325 1177 Panaetium
1353 1134 1438 1177 anno

265 1219 334 1284 fere
360 1219 423 1284 170
452 1221 565 1283 natum
589 1239 659 1283 esse
689 1216 933 1284 demonstravit.
980 1216 1151 1283 Orationes
1180 1221 1288 1294 autem
1311 1218 1439 1304 Polybii

266 1325 369 1412 ipsius
387 1345 454 1392 non
473 1345 543 1390 esse
563 1323 711 1407 concedo,
726 1345 822 1408 quem
840 1325 953 1410 paneis
972 1328 1099 1390 tantum
1119 1326 1253 1390 mutatis
1273 1326 1437 1391 orationes

267 1454 302 1498 re
326 1454 402 1498 vera
423 1431 554 1497 habitas
578 1433 722 1516 repetere
747 1431 849 1496 solere
871 1435 952 1515 puto
975 1428 1031 1517 (of.
1053 1454 1084 1515 p.
1104 1427 1171 1518 34).

356 1536 535 1622 Utramque
555 1537 737 1603 orationem
756 1537 927 1621 aPolybio
947 1538 1090 1603 alienam
1109 1559 1181 1603 esse
1203 1539 1255 1604 vel
1278 1539 1352 1603 inde
1372 1539 1436 1605 elu-

266 1649 326 1730 eat,
350 1645 434 1730 quod
458 1644 647 1728 inutraque
667 1644 778 1722 ordine
798 1644 1067 1710 artificiosissimo
1087 1666 1139 1710 res
1158 1645 1334 1730 dispositae
1353 1650 1437 1726 sunt,

248 1739 396 1837 'qualem
420 1750 505 1836 apud
529 1750 703 1834 Polybium
730 1750 809 1816 alibi
832 1749 1023 1816 difficillime
1046 1751 1233 1836 indagabis3
1259 1752 1343 1818 hane
1365 1775 1437 1838 pro-

266 1860 438 1942 prietatem
472 1857 593 1942 optime
630 1878 669 1921 ex
705 1856 861 1922 Eumenis
898 1858 1046 1923 oratione
1083 1879 1275 1945 cognosces:
1312 1859 1438 1924 auctori

267 1969 374 2030 autem
393 1963 473 2030 haee
493 1964 693 2029 consuetudo
713 1967 792 2049 erat,
810 1967 848 2028 ut
869 1965 1010 2048 primum
1030 1965 1158 2050 quidem
1177 1985 1229 2030 res
1248 1966 1435 2031 tractandas

264 2071 394 2136 brevius
419 2069 627 2156 significaret,
651 2069 764 2136 deinde
788 2070 918 2136 uberius
942 2075 1124 2155 exponeret.
1161 2071 1232 2138 Iam
1255 2074 1435 2140 videamus:

311 2176 377 2243 Pol.
395 2175 475 2242 XXI
496 2177 661 2262 19,1-2:
685 2176 857 2243 exordium.

499 2284 548 2368 19,
562 2284 664 2349 3-4:
686 2282 850 2350 Eumenes
874 2282 1010 2349 erimina
1033 2289 1068 2348 in
1090 2284 1235 2350 Rhodios
1260 2285 1394 2352 confert.

497 2391 547 2474 19,
561 2390 684 2458 5-10:
717 2390 806 2467 Quae
829 2391 965 2456 erimina
989 2395 1191 2476 exponuntur
1213 2392 1266 2457 his
1289 2393 1434 2458 insertis:

631 2498 682 2582 19,
697 2498 730 2564 8:
769 2496 900 2563 Graecis
937 2498 1085 2563 liberatis
1117 2497 1319 2564 Rhodiorum
1356 2521 1434 2584 opes

766 2609 935 2690 augentur,
959 2605 1147 2671 minuuntur
1169 2605 1334 2671 Eumenis.

632 2712 682 2796 19,
696 2711 819 2776 9-10:
844 2711 935 2787 Quod
959 2712 1207 2778 demonstratur.

497 2818 547 2901 19,
564 2818 708 2885 11-121
731 2817 893 2885 transitio.

495 2925 596 3010 20,1;
619 2923 783 2991 Eumenes
804 2925 926 2992 amicus
943 2929 1161 2992 Romanorum
1178 2927 1354 2994 fidissimus
1374 2932 1434 2995 est.

494 3032 547 3118 20,
562 3032 687 3097 2-10:
710 3030 803 3107 Quod
827 3032 1070 3098 demonstratur
1093 3034 1154 3099 heo
1176 3034 1316 3099 ratione:

628 3139 681 3225 20,
694 3139 729 3204 2:
765 3139 907 3224 primum
930 3137 1064 3204 Attalus
1091 3145 1185 3223 pater
1207 3162 1333 3226 semper
1360 3164 1432 3207 oum

764 3244 921 3310 Romanis
945 3244 1037 3332 feeit3

627 3353 679 3437 20,
694 3351 794 3418 3-5:
818 3351 1176 3437 quod-demonstratur.

626 3459 680 3539 20,
694 3461 729 3526 6:
766 3458 880 3524 deinde
899 3445 1061 3524 Eumenes
1081 3459 1181 3540 etiam
1207 3461 1311 3548 magis
1335 3461 1432 3528 fidem

763 3565 942 3651 praest'tit3

626 3673 680 3757 20,
695 3673 815 3738 7-10:
842 3672 928 3757 quod
951 3672 1200 3762 demonstratur.

493 3777 595 3863 21,1;
626 3779 802 3863 Eumenes,
829 3782 866 3844 nt
893 3779 1039 3863 praemia
1066 3778 1130 3844 sibi
1160 3780 1275 3850 dentur
1306 3782 1431 3848 meritis

627 3884 735 3973 digne,
758 3889 846 3970 orat3

493 3992 546 4079 21,
560 3992 661 4058 2-4:
685 3993 771 4077 quod
795 3993 925 4059 uberius
950 3992 1137 4077 explicatur.
1396 4071 1398 4074 Ι

494 4100 547 4185 21,
561 4097 663 4166 5-6:
685 4102 928 4185 praetexuntur,
947 4122 1031 4185 quae
1049 4099 1211 4167 Eumenes
1230 4103 1431 4188 expetiturus

688 4207 747 4291 111,
1282 4235 1285 4240 ·

352 4350 377 4416 1)
396 4345 456 4402 Pol.
470 4345 534 4400 XXI
549 4350 653 4401 19-23
673 4373 707 4392 =
725 4345 784 4402 Liv.
799 4345 928 4402 XXXVII
943 4351 1061 4416 53-o4;
1081 4347 1116 4402 of.
1135 4346 1245 4417 Nissen,
1263 4365 1291 4417 p.
1307 4352 1348 4403 27.

351 4438 379 4505 2)
397 4433 562 4504 Philologus
580 4439 624 4508 41,
642 4452 669 4505 p.
686 4438 746 4490 625.
