3498 5202
700 371 922 436 ..25„.

225 537 375 620 tempora
398 533 508 598 futura
535 553 647 617 pacem
672 534 857 599 servaturos
886 531 1063 616 affirment3
1091 531 1129 598 de
1152 533 1290 599 Rhodiis
1317 533 1397 599 haec
1445 589 1447 594 .

225 644 381 728 leguntur
404 639 646 725 simplicissima
668 636 732 724 (IV
750 637 867 724 52,5):
896 637 1044 715 Ῥοδίους
1067 636 1104 704 dt
1131 638 1186 705 καὶ
1215 642 1294 718 τοὺς
1316 656 1397 725 συμ-

227 741 353 835 μάχους
375 747 438 830 τὴν
460 747 598 830 εἰρήνην
617 746 710 828 ἄγειν
728 747 812 831 πρὸς
830 748 1048 830 Βυζαντίους,
1061 747 1111 811 xde
1129 746 1264 812 Prusiae
1283 751 1398 813 contra

185 891 186 896 κ
227 855 355 920 foedere
370 852 470 919 verba
485 852 565 917 dura
580 851 718 936 quadam
733 852 894 937 gravitate
914 856 1069 918 exornata
1087 854 1168 919 haec
1186 853 1399 919 inveniuntur

228 961 290 1049 (IV
309 962 361 1044 52,
377 961 427 1043 6):
459 953 546 1024 εἶναι
569 961 724 1046 Προυσίᾳ
746 956 802 1023 καὶ
824 960 1020 1038 Βυζαντίοις
1043 962 1179 1045 εἰρήνην
1202 958 1257 1025 καὶ
1280 964 1398 1044 φιλίαν

203 1136 206 1140 ,
228 1070 275 1146 είς
296 1068 357 1132 τὸν
379 1066 508 1131 ἅπαντα
531 1068 665 1151 χρόνον,
689 1067 733 1150 μὴ
757 1065 949 1151 στρατεύειν
968 1062 1006 1131 δὲ
1024 1069 1104 1152 μήτε
1122 1070 1327 1146 Βυζαντίους
1345 1065 1398 1133 ἐπὶ

228 1176 404 1260 Προυσίαν
421 1175 532 1262 τρόπον
551 1170 670 1258 μηδενὶ
689 1174 769 1257 μήτε
788 1173 965 1258 Προυσίαν
984 1170 1038 1238 ἐπὶ
1056 1177 1268 1253 Βυζαντίους.
1292 1174 1398 1251 Quam

227 1281 402 1347 formulam
422 1280 623 1364 sollemnem,
641 1301 723 1365 quae
748 1279 846 1345 etiam
870 1279 1032 1367 saepins¹)
1055 1280 1090 1345 in
1113 1282 1271 1347 eiusmodi
1294 1282 1397 1366 pactis

229 1387 382 1471 occurrit,
414 1409 453 1451 ex
484 1386 557 1470 ipsa
589 1387 679 1470 pacis
707 1386 821 1451 tabula
848 1386 1074 1476 depromptam
1103 1409 1174 1453 esse
1202 1409 1332 1472 cense03
1361 1410 1399 1452 ea

228 1499 355 1577 contra,
389 1514 472 1578 quae
504 1492 545 1556 ad
563 1491 722 1557 Rhodios
754 1493 934 1576 pertinent,
966 1492 1122 1577 Polybius
1159 1494 1398 1560 circumcidisse

215 1601 364 1682 ¹videtur.
409 1599 520 1664 Etiam
553 1598 594 1663 ad
630 1599 720 1682 pacis
752 1601 881 1683 tempus
914 1599 1132 1664 definiendum
1164 1600 1398 1685 Byzantiorum

230 1708 484 1789 hieromnemon,
508 1706 722 1792 magistratus
747 1727 937 1791 eponymus,
959 1708 1154 1772 nominatim
1178 1707 1313 1772 affertur
1335 1705 1399 1795 (IV

229 1814 282 1893 52,
297 1811 346 1898 4),
369 1836 440 1878 cum
463 1812 667 1879 Rhodiorum
692 1813 842 1878 sacerdos
866 1811 968 1897 Solis,
992 1817 1141 1899 quamvis
1165 1813 1268 1880 multo
1291 1815 1400 1880 notior

229 1926 263 1985 et
285 1919 426 2005 gravior,
444 1923 557 1986 tamen
580 1919 710 1985 silentio
729 1903 1052 2008 praetermittaturl).
1084 1920 1233 2006 Denique
1252 1942 1298 2004 ea,
1317 1943 1400 2005 quae

230 2026 362 2092 Prusias
386 2029 420 2091 et
441 2024 594 2110 Byzantii
618 2026 704 2091 inter
732 2048 766 2091 se
794 2027 1047 2112 constituerunt,
1074 2027 1295 2093 intentissima
1323 2049 1400 2094 cura

228 2136 435 2219 exponuntur
458 2131 520 2219 (IV
538 2134 625 2218 52,7
650 2137 684 2198 et
706 2130 755 2219 9),
787 2133 835 2197 ita
867 2137 905 2197 ut
932 2134 1030 2201 etiam
1059 2133 1122 2199 duo
1150 2154 1270 2218 genera
1297 2135 1399 2220 capti·
1466 2134 1470 2140 '

228 2263 341 2306 vorum
374 2242 574 2305 statuantur:
605 2242 684 2317 τοὺς
716 2241 818 2317 λαοὺς
848 2237 904 2304 καὶ
931 2240 971 2304 τὰ
997 2240 1158 2323 πολεμικὰ
1188 2239 1337 2324 σώματα,
1367 2244 1400 2305 et

228 2347 383 2412 materiae
406 2369 445 2412 ex
467 2346 569 2412 Hiero
598 2346 749 2431 dereptae
778 2350 927 2412 accurate
955 2347 1040 2412 ratio
1068 2346 1242 2412 habeatur:
1273 2344 1328 2411 καὶ
1359 2347 1399 2411 τὰ

228 2454 310 2532 ξύλα
332 2451 387 2518 καὶ
410 2454 472 2538 τὴν
495 2455 613 2519 λιθίαν
635 2451 691 2518 καί
714 2453 773 2519 τὸν
796 2453 950 2538 κέραμον.

286 2559 422 2636 *Quare
450 2560 510 2626 hoe
537 2561 688 2626 existimo
716 2560 887 2646 Polybium
916 2561 1045 2626 tabulas
1072 2559 1212 2626 foederis
1242 2583 1261 2625 a
1283 2560 1400 2626 Prusia

170 2729 173 2734 ,
229 2671 263 2733 et
281 2666 449 2752 Byzantiis
471 2667 551 2733 facti
575 2667 616 2731 ad
639 2668 738 2732 verba
760 2667 828 2731 fere
850 2667 996 2751 iterasse,
1015 2689 1088 2734 cum
1112 2689 1158 2752 ea,
1178 2689 1260 2753 quae
1279 2667 1400 2734 Rhodii

229 2777 262 2838 et
284 2772 434 2859 Byzantii
457 2775 541 2838 inter
564 2796 598 2838 se
622 2774 828 2860 pepigerant,
855 2773 890 2838 in
918 2774 1103 2840 universum
1131 2777 1261 2840 tantum
1289 2775 1399 2839 adum·

228 2882 348 2945 braret
393 2880 559 2946 Dissentio
592 2881 694 2966 igitur
726 2903 745 2946 a
776 2880 937 2946 Valetone
969 2878 1005 2968 (l.
1024 2882 1043 2947 l.
1076 2904 1106 2965 p.
1125 2878 1206 2969 221)
1239 2886 1272 2946 et
1305 2880 1401 2948 Scala

228 2986 265 3076 (l.
284 2988 305 3052 l.
328 3010 359 3072 p.
378 2985 467 3074 268),
491 2987 684 3072 scriptorem
708 2987 783 3052 illas
807 2988 937 3053 tabulas
961 2989 995 3053 in
1018 2992 1174 3073 prytaneo
1197 2987 1399 3053 Rhodiorum

228 3095 408 3179 inspexisse
432 3094 711 3160 contendentibus.
1423 3163 1425 3168 ,
1481 3107 1483 3112 “

317 3200 387 3265 Iam
412 3201 571 3267 adfinem
595 3201 685 3267 illius
708 3201 786 3266 belli
804 3203 1022 3286 pervenimus:
1046 3203 1081 3266 in
1100 3223 1164 3288 qno
1188 3201 1399 3267 describendo

229 3307 418 3393 Polybium,
441 3312 477 3374 ut
505 3331 555 3394 ea,
585 3330 666 3392 quae
699 3308 737 3373 de
769 3312 887 3373 natura
920 3309 1019 3373 maris
1047 3306 1174 3373 Pontici
1202 3307 1400 3391 disseruerit,
1507 3378 1508 3382 ,

231 3415 390 3496 omittam,
412 3414 464 3480 his
487 3415 554 3480 fere
577 3414 722 3479 fontibus
746 3437 840 3479 usum
864 3435 934 3479 esse
959 3415 1113 3479 arbitror:

319 3521 351 3604 a)
377 3519 515 3585 Zenonis
538 3519 786 3603 historia,·cum
817 3518 856 3584 de
879 3519 976 3584 rebus
999 3518 1135 3586 Rhodiis
1160 3520 1280 3585 librum
1304 3543 1401 3606 quen-

229 3628 304 3694 dam
328 3627 511 3693 adhibitum
534 3649 606 3692 esse
630 3627 680 3692 vel
704 3647 743 3690 ex
764 3626 951 3691 nominibus
975 3627 1121 3692 virorum
1145 3631 1178 3692 et
1200 3629 1343 3692 numeris
1367 3631 1400 3692 et

229 3734 402 3820 generibus
425 3734 558 3801 navium
583 3737 616 3798 et
638 3734 753 3799 ceteris
782 3734 878 3798 rebus
907 3733 1066 3799 eiusmodi
1093 3739 1242 3808 accurate
1271 3757 1399 3800 enume-

216 3832 310 3906 ratis
333 3841 499 3907 efficiatur.

317 3945 354 4033 b)
377 3945 639 4027 Narrationibus,
657 3969 738 4032 quae
759 3946 800 4012 ad
822 3947 943 4012 bellum
961 3946 1095 4012 Prusiae
1115 3950 1148 4011 et
1166 3945 1399 4032 Byzantiorum

320 4141 345 4209 1)
365 4139 406 4196 cf.
424 4139 484 4196 Pol.
499 4139 564 4194 XXI
578 4145 621 4209 46,
638 4146 665 4208 1;
685 4140 763 4195 XXV
777 4147 802 4211 2,
817 4147 846 4209 3,
869 4141 1016 4210 praeterea
1038 4138 1173 4210 inspicias
1195 4139 1325 4195 tabulam
1342 4139 1400 4193 foa-

229 4229 303 4284 deris
323 4246 340 4284 a
358 4228 477 4284 Rhodiis
496 4246 559 4284 cum
578 4227 771 4299 Hierapytniis
789 4227 868 4297 faeti,
886 4229 1068 4297 Mnemosyne
1085 4228 1099 4282 I
1116 4247 1144 4299 p.
1161 4235 1193 4284 79
1205 4246 1279 4298 squ:
1298 4246 1342 4282 vv.
1357 4232 1398 4282 11.

229 4324 271 4374 58.
291 4324 334 4375 96.

319 4410 345 4477 2)
366 4406 425 4472 Quo
453 4408 619 4478 argumento
647 4406 704 4461 iam
732 4405 871 4461 Suoboda
900 4405 1044 4476 (Zeitschr.
1072 4407 1091 4464 f.
1116 4410 1182 4464 batr.
1205 4404 1305 4476 Gymn.
1330 4410 1397 4460 1891
1496 4453 1498 4456 .

228 4514 256 4565 p.
272 4501 336 4567 444)
355 4498 454 4552 contra
473 4495 585 4552 Scalam
604 4495 649 4567 (cf.
667 4495 752 4566 paulo
770 4494 855 4565 infra)
875 4513 941 4550 usus
960 4498 1011 4552 eat.
