3498 5202
733 346 861 409 -.79
908 380 948 392 -.

178 641 182 650 ¹
476 539 507 624 2.
534 536 592 626 De
614 567 754 630 navium
776 531 990 624 Rhodiarum
1012 567 1202 636 generibus.

336 699 462 786 Rhodii
481 701 591 785 pausis
610 704 737 765 lanium
755 700 942 765 triremibus
961 699 1147 784 utebantur3
1167 700 1264 784 longe
1283 699 1425 764 maxima
1450 695 1452 698 ’

254 802 330 892 pars
352 808 466 873 elassis
490 806 618 873 saeculo
637 808 735 872 lertio
755 829 856 891 usque
876 806 917 872 ad
940 806 1060 871 bellum
1080 828 1154 870 oum
1171 804 1325 891 Philippo
1347 825 1423 890 rege

243 911 385 999 'gestum'
406 937 444 980 ex
463 914 750 1002 'quinqueremibus
775 914 961 999 constabal3
984 915 1060 997 post
1082 933 1228 998 pugnam
1250 912 1291 977 ad
1314 909 1425 976 Laden

255 1021 460 1087 commissam
481 1043 508 1086 a.
523 1021 586 1086 201
608 1042 767 1105 nusquam
786 1019 1065 1105 quinqueremium
1084 1018 1283 1084 Rhodiarum
1303 1018 1424 1083 mentio

254 1128 305 1211 fit,
338 1129 530 1212 saeculoque
564 1127 667 1202 altero
700 1127 873 1210 pleraeque
901 1147 999 1191 naves
1027 1123 1174 1190 Rhodiae
1205 1125 1425 1211 quadriremes

255 1238 355 1299 erant.
401 1234 494 1311 Quod
517 1233 673 1298 facillime
696 1233 757 1298 hae
780 1255 819 1298 ex
841 1233 955 1298 labula
979 1238 1205 1317 eognosoelur:

109 1347 112 1354 '
209 1413 211 1418 .
343 1339 410 1406 Pol.
423 1340 455 1405 V
474 1341 559 1426 89‚1
584 1345 659 1423 posl
681 1343 788 1404 terrae
811 1343 937 1405 molum
956 1338 1161 1404 Ptolemaeus
1181 1337 1317 1404 Rhodiis
1337 1339 1423 1404 dono

254 1446 342 1512 dedii
374 1447 455 1526 ξύλα
486 1448 722 1530 ναυπηγήσιμα
748 1443 828 1512 δέκα
855 1447 1060 1529 πεντήρων
1082 1442 1138 1510 καὶ
1160 1442 1240 1509 δέκα
1263 1446 1422 1530 τριήρων,

171 1547 173 1552 ’
255 1556 287 1617 el
320 1552 471 1619 Seleucus
505 1551 550 1640 (V
570 1550 690 1640 89,8):
725 1554 933 1638 πεντήρεις
965 1549 1043 1617 δέκα
1074 1549 1341 1637 κατηρτισμένας.
1387 1551 1427 1616 In

252 1679 364 1749 pugna
384 1659 425 1724 ad
444 1659 560 1725 Chium
584 1658 757 1726 commissa
775 1661 810 1724 in
828 1663 898 1725 tola
919 1660 1021 1724 classe
1040 1658 1148 1723 Attali
1172 1662 1204 1722 elz
1223 1657 1426 1723 Rhodiorum

134 1773 135 1778 ’
254 1787 320 1830 non
343 1767 451 1849 plures
476 1789 572 1852 quam
596 1770 661 1831 tres
685 1766 833 1831 triremes
858 1769 950 1830 erant
973 1763 1057 1853 (Pol.
1075 1763 1155 1829 XVI
1173 1765 1203 1846 2,
1221 1761 1290 1850 10),
1310 1763 1423 1829 deinde

254 1870 333 1936 XVI
352 1871 429 1955 51:
451 1883 538 1958 τρεῖς
556 1875 761 1957 πεντήρεις
778 1883 846 1938 τῶν
860 1867 1014 1950 Ῥοδίων;
1038 1870 1117 1936 XVI
1135 1871 1165 1951 5
1180 1871 1203 1934 4
1225 1873 1293 1935 ires
1314 1869 1427 1954 quin-

256 1999 454 2065 queremes
479 1979 636 2064 Rhodiae,
660 2001 699 2044 ex
728 1980 844 2065 quibus
873 2001 938 2043 una
960 1979 1026 2042 iam
1049 1967 1146 2043 antea
1169 1975 1214 2064 (5,
1231 1973 1265 2062 1)
1289 1998 1428 2042 somme-

255 2084 391 2150 morale.
437 2085 515 2151 XVI
536 2088 564 2170 7,
578 2086 600 2150 4
623 2031 743 2150 Rhodii
770 2086 827 2151 illo
850 2085 975 2169 proelio
999 2084 1174 2149 amiserant
1160 2083 1260 2148 1δύο
1283 2084 1421 2165 πεντή-

253 2213 335 2275 ρεις
356 2189 412 2256 καὶ
435 2195 569 2277 τριήρη,
593 2214 631 2256 ex
656 2192 771 2276 quibus
800 2214 864 2256 una
888 2191 1125 2275 quinqueremis
1154 2190 1220 2254 iam
1249 2211 1348 2272 supra
1371 2211 1422 2254 oo-

253 2297 354 2362 ourril
376 2293 421 2383 (5,
434 2295 481 2383 4).
525 2297 675 2362 Etiam
666 2320 699 2362 m
728 2319 840 2383 pugna
869 2298 1008 2362 Ladensi
1037 2295 1157 2363 Rhodii
1188 2296 1427 2381 quinquere-

254 2402 377 2467 mibus
401 2403 591 2488 pugnabant
613 2401 706 2491 (XVI
726 2403 777 2488 15,
793 2404 825 2488 13
851 2403 902 2488 15,
916 2400 995 2491 5)1).

342 2509 421 2574 Inde
445 2511 485 2575 ab
510 2533 594 2576 anno
618 2511 684 2577 200
712 2515 820 2575 aulem
845 2511 1089 2595 quinqueremes
1112 2510 1258 2575 Rhodiae
1287 2531 1419 2594 prorsus

254 2619 466 2700 evanuerunt;
488 2638 547 2700 pro
571 2616 688 2701 quibus
713 2616 930 2702 quadriremes
954 2617 989 2681 in
1013 2639 1073 2682 usu
1096 2620 1201 2682 ersnlx
1223 2615 1302 2681 XVI
1321 2617 1373 2698 31,
1388 2617 1426 2680 3ε

253 2721 315 2805 τήν
337 2723 505 2807 τετρήρη
533 2722 594 2804 τήν
620 2731 688 2786 τῶν
706 2716 855 2805 Ῥοδίων,
880 2744 963 2788 anno
987 2724 1061 2790 200.
1106 2723 1175 2788 Liv.
1195 2721 1302 2787 XXXI
1323 2723 1374 2807 16,
1392 2724 1425 2788 ‘lt

254 2827 511 2910 quadriremis
535 2850 607 2893 una.
644 2826 753 2892 XXXI
773 2827 825 2910 22,
840 2829 874 2893 8:
897 2831 962 2893 tres
982 2827 1128 2893 Rhodiae
1152 2829 1424 2912 quadriremes.

254 2932 410 3000 XXXVII
431 2935 552 3018 13,11:
575 2935 657 3000 duae
675 2934 822 3000 Rhodiae
846 2935 1003 3000 lriremes.
1040 2934 1199 3000 XXXVII
1221 2936 1270 3019 14,
1284 2937 1319 3000 3:
1344 2934 1425 3000 duae

254 3042 525 3125 quadriremes.
570 3040 727 3108 XXXVII
748 3042 847 3124 144
880 3042 960 3106 duae
990 3040 1136 3106 Rhodiae
1165 3041 1426 3126 quadriremes

254 3143 415 3234 (diversae
439 3148 479 3213 ab
510 3147 799 3232 antecedentibus).
844 3146 1001 3212 XXXVII
1024 3147 1121 3232 16,1:
1154 3151 1308 3228 quattuor
1336 3171 1428 3231 qua·

254 3253 472 3319 driremes
496 3252 649 3319 Rhodiae.
695 3252 854 3318 XXXVII
875 3254 925 3336 16
941 3255 975 3319 3
1006 3257 1075 3319 tres
1103 3253 1426 3338 quadriremes.

254 3356 413 3422 XXXVII
431 3359 484 3442 23,
498 3359 533 3422 4:
561 3357 762 3424 Rhodiorum
786 3359 924 3424 duael
890 3363 924 3425 el
946 3359 1082 3444 triginta
1105 3359 1370 3445 quadriremes
1395 3364 1427 3425 el

255 3467 408 3548 quattuor
430 3465 577 3530 triremes
601 3463 644 3550 (a.
666 3465 752 3551 190).
799 3465 867 3531 Pol.
886 3465 1014 3532 XXVII
1034 3468 1063 3549 7,
1079 3465 1135 3531 14:
1164 3469 1366 3552 τετρήρεις
1393 3465 1427 3545 ἕξ

255 3566 297 3655 (a.
323 3567 410 3658 171).
455 3569 525 3638 Liv.
545 3570 637 3636 XLII
660 3571 764 3656 56,6:
799 3573 940 3657 quinque
973 3572 1119 3638 Rhodiae
1152 3573 1426 3658 quadriremes.

253 3674 321 3742 Pol.
339 3675 482 3742 XXXIII
502 3676 553 3761 13,
567 3680 601 3744 2:
625 3677 722 3744 πέντε
744 3681 946 3764 τετρήρεις
964 3674 1104 3744 Ῥοδίων
1128 3677 1170 3767 (ει.
1192 3677 1314 3765 154)²).

344 3783 452 3849 Sullae
476 3787 582 3848 aelate
605 3785 733 3849 demum
757 3785 877 3850 ilerum
899 3807 963 3849 una
987 3786 1277 3872 quinqueremis
1298 3786 1427 3851 Rhodia

255 3893 455 3955 memoratur
478 3889 564 3974 apud
585 3888 773 3974 Appianum
798 3889 868 3977 (Mi.
887 3889 958 3979 25),
982 3891 1118 3977 Pompei
1141 3896 1247 3958 aetate
1271 3873 1310 3958 de
1333 3893 1426 3958 trire-

254 3997 361 4062 mibus
384 3996 520 4063 Rhodiis
543 3996 664 4082 legitur
686 3993 785 4084 (App.
810 3998 885 4063 bell.
908 3998 967 4064 eir.
991 3997 1099 4083 1183;
1124 3996 1191 4086 89).

344 4191 370 4258 1)
389 4188 467 4254 Quae
486 4206 549 4244 eum
566 4188 610 4243 11ιι
629 4187 693 4258 sine,
712 4188 885 4258 Polyaenum
904 4190 939 4260 (V
954 4196 997 4260 17,
1012 4193 1039 4260 2)
1058 4190 1093 4246 de
1113 4207 1185 4245 anno
1204 4197 1256 4246 203
1276 4207 1332 4245 non
1352 4189 1423 4246 salis

254 4278 385 4332 accurate
405 4277 497 4333 dicere
517 4277 659 4334 existimo:
688 4280 869 4349 τρισκαίδεκα
895 4280 1040 4335 νεώσοικοι
1065 4278 1266 4350 διεφθάρησαν
1289 4279 1339 4334 καὶ
1363 4279 1426 4335 ὅσαι

253 4365 410 4436 τριήρεις
429 4361 460 4422 ἐν
479 4368 581 4430 αὐτοῖς.

343 4458 371 4526 2)
389 4453 449 4509 Hoc
467 4455 529 4511 looo
547 4456 632 4526 vulgo
651 4456 812 4527 legebatur:
841 4456 973 4529 τριήρεις,
999 4457 1121 4513 Dindorf
1136 4456 1257 4513 conexit
1274 4455 1422 4529 τετρήρεις.
