3498 5202
735 353 956 416 ..29-

260 514 331 597 sim,
353 512 433 579 haec
457 513 634 578 sufficiant:
657 513 741 576 inter
765 533 834 596 eos,
857 513 912 596 qui
935 512 1080 578 Rhodios
1109 513 1295 578 muneribus
1319 513 1430 578 affece-

260 623 348 703 runt,
380 617 531 684 Seleucus
564 641 691 705 quoque
724 622 807 697 erat,
841 617 953 703 Syriae
980 641 1051 702 rex,
1078 617 1096 683 ὁ
1126 619 1234 702 πατὴρ
1259 615 1430 704 Ἀντιόχου

259 725 306 812 (V
325 726 377 807 89,
395 723 440 812 8).
487 725 590 801 Quem
614 723 889 791 Schneiderwirth
914 722 1004 811 (ll.)
1029 747 1112 791 anno
1137 726 1218 809 224,
1246 726 1431 808 nuperrime

260 828 443 918 Wiloken1)
467 831 532 897 iam
556 853 640 897 anno
660 833 725 897 226
745 836 909 897 mortuum
929 853 998 897 esse
1018 824 1220 897 censuerunt.
1259 831 1431 896 Praeterea

260 937 411 1003 Rhodum
436 939 561 1023 aliquot
587 939 681 1003 annis
705 941 781 1003 ante
800 939 864 1003 217
888 942 994 1004 terrae
1017 942 1156 1003 tremore
1181 942 1431 1023 conquassatam

264 1067 334 1110 esse
357 1046 430 1110 inde
454 1045 675 1111 coniciendum
700 1048 758 1127 est,
781 1045 865 1129 quod
889 1043 1009 1110 Rhodii
1032 1050 1108 1129 post
1131 1066 1251 1108 annum
1275 1044 1341 1108 220
1364 1043 1431 1108 fere

261 1174 299 1216 ex
323 1150 414 1217 clade
436 1151 550 1218 refecti
572 1174 624 1217 res
647 1151 783 1216 nonita
805 1173 924 1237 parvas
949 1156 1132 1236 gesserunt,
1156 1173 1228 1216 curn
1253 1151 1293 1216 ad
1316 1148 1431 1234 Cycla-

261 1258 318 1323 das
346 1259 470 1324 insulas
500 1263 615 1324 contra
637 1257 840 1324 Demetrium
863 1257 1018 1323 Pharium
1048 1247 1263 1322 defendendas
1292 1257 1431 1321 classem

260 1365 429 1430 mitterent
447 1362 509 1452 (IV
525 1364 577 1449 19,
588 1362 633 1452 8),
647 1365 769 1429 bellum
784 1387 856 1429 cum
867 1364 1035 1449 Byzantiis
1049 1366 1202 1450 gererent
1216 1361 1278 1450 (IV
1286 1364 1329 1428 38
1340 1361 1432 1450 sqq.)‚'

261 1469 375 1537 Cretae
403 1472 501 1537 rebus
530 1493 662 1557 operam
694 1471 809 1537 darent
831 1468 893 1558 (lV
912 1470 955 1536 53
968 1469 1065 1558 sqq.),
1095 1469 1329 1555 Sinopensibus
1360 1471 1432 1535 snb·

261 1578 343 1643 sidia
366 1577 534 1643 mitterent
558 1575 621 1664 (IV
639 1577 706 1665 56),
728 1578 816 1643 bello
840 1578 1001 1642 sociorum
1024 1577 1123 1642 finem
1147 1576 1313 1661 imponere
1336 1599 1431 1643 cona·

261 1689 374 1748 rentur
409 1682 455 1771 (V
474 1685 582 1766 24,11
618 1687 651 1750 et
683 1685 800 1770 28,1),
836 1683 1058 1749 Ptolemaeum
1095 1688 1128 1748 et
1164 1681 1361 1749 Antiochum
1398 1685 1431 1748 in

263 1791 403 1876 gratiam
425 1792 576 1857 reducere
600 1793 766 1857 studerent
788 1790 833 1876 (V
851 1793 905 1877 63,
918 1789 964 1878 5).

353 1895 433 1963 Cum
457 1897 614 1984 Polybius
637 1898 707 1982 ipse
730 1919 797 1963 non
821 1897 908 1963 dieat
931 1919 987 1962 cur
1009 1899 1061 1962 tot
1083 1897 1212 1962 demum
1241 1898 1334 1963 annis
1357 1903 1433 1981 post

263 1988 413 2071 eventum
437 2005 474 2070 de
503 2008 609 2070 terrae
636 2009 728 2070 motu
755 2003 958 2089 disseruerit,
980 2004 1119 2069 fortasse
1147 2005 1294 2070 conicere
1321 2004 1434 2070 licebit

260 2112 408 2178 Rhodios
436 2133 520 2177 anno
544 2113 608 2176 217
638 2111 851 2195 inscriptione
880 2112 915 2175 in
942 2111 1022 2176 urbe
1050 2112 1228 2176 constituta
1250 2134 1309 2195 pro
1339 2112 1434 2176 bene-

260 2219 343 2284 fieiis
373 2221 450 2304 post
476 2221 583 2283 terrae
612 2222 738 2283 motum
767 2218 907 2303 acceptis
937 2218 1059 2302 gratias
1088 2218 1207 2302 egisse3
1239 2239 1302 2301 quo
1333 2218 1433 2284 verba

261 2325 343 2390 milri
368 2329 512 2410 spectare
535 2325 684 2390 videntur
711 2325 792 2390 haec
814 2323 859 2410 (V
879 2323 996 2410 88,1):
1029 2321 1150 2389 Ῥόδιοι
1181 2320 1217 2388 db
1247 2325 1339 2389 ιιοιτόιΙ
1355 2327 1434 2401 τοὺς

261 2430 522 2518 προειρημένους
554 2433 691 2516 καιροὺς
723 2427 864 2518 (scilicet
895 2453 980 2497 anno
1004 2429 1084 2518 217)
1116 2429 1348 2514 ἐπειλημμένοι
1376 2439 1434 2515 τῆς

262 2537 415 2623 ἀφορμῆς
437 2543 520 2622 xes,
549 2561 621 2604 oum
650 2539 709 2604 illa
733 2535 778 2625 (V
797 2539 849 2618 88,
864 2535 914 2624 2)ι
947 2537 1053 2614 οὕτως
1076 2533 1234 2622 ἐχείριζον
1256 2542 1324 2602 κτλ.
1351 2537 1434 2602 refe-

262 2644 363 2709 renda
385 2665 455 2709 esse
479 2645 593 2709 ducam
617 2645 658 2709 ad
682 2666 728 2729 ea,
748 2666 829 2728 quae
852 2648 958 2709 terrae
982 2647 1107 2709 motum
1131 2644 1303 2709 subsecuta
1326 2648 1411 2709 sunt.

671 2906 673 2911 Ι
706 2949 736 3012 3.
772 2955 821 3012 De
843 2957 990 3014 Achaeo.

353 3088 499 3174 Quinque
527 3089 763 3174 primislibris
790 3112 857 3156 non
884 3089 979 3174 plura
1007 3110 1105 3173 quam
1133 3090 1225 3174 haec,
1249 3090 1287 3155 de
1316 3089 1434 3173 quibus

264 3196 325 3280 egi,
349 3196 388 3261 de
410 3195 526 3262 Rhodo
549 3196 622 3282 ipsa
645 3218 684 3261 ex
702 3196 841 3262 Zenonis
865 3196 1004 3260 historia
1027 3196 1079 3260 vel
1104 3218 1143 3260 ex
1165 3195 1327 3288 tabulario
1347 3195 1434 3260 Rho-

265 3301 390 3366 diorum
414 3307 545 3387 sumpta
563 3307 648 3367 sunt.
686 3300 982 3388 Quotiescunque²)
1006 3303 1092 3368 enim
1115 3307 1282 3386 praeterea
1299 3300 1433 3365 Rhodus

264 3413 547 3493 commemoratur,
571 3431 698 3494 semper
722 3409 815 3493 quasi
842 3410 877 3474 in
899 3409 1134 3494 praetereundo
1163 3408 1279 3474 leviter
1305 3412 1434 3474 tantum

264 3514 420 3599 tangitur.
465 3516 626 3582 Zenonem
657 3538 733 3583 vero
763 3538 830 3581 non
861 3516 899 3581 de
923 3515 1038 3581 Rhodo
1069 3516 1137 3580 sols
1167 3514 1350 3600 scripsisse,
1379 3515 1435 3580 sed

265 3621 304 3685 de
336 3621 408 3687 aliis
441 3644 568 3708 quoque
601 3623 786 3689 civitatibus
820 3624 885 3689 iam
918 3646 1017 3708 supra
1050 3619 1093 3708 (p.
1114 3618 1171 3709 13)
1203 3622 1351 3688 vidimus.
1396 3621 1434 3687 In

265 3725 419 3793 Graeciae
457 3731 565 3795 aretem
602 3729 704 3814 ipsius
741 3731 838 3795 rebus
880 3729 1060 3795 scribendis
1097 3728 1271 3814 Polybium
1307 3729 1435 3794 Zenone

265 3837 396 3900 auctore
419 3858 513 3901 usum
537 3858 695 3903 essenon
719 3837 826 3922 cred03
845 3833 968 3901 'harum
992 3835 1077 3900 enim
1101 3857 1207 3901 rerum
1227 3840 1260 3900 et
1279 3833 1434 3919 Polybius

264 3939 335 4024 ipse
358 3944 391 4005 et
413 3943 568 4026 permulti
592 3944 661 4008 eius
688 3942 862 4028 populares
893 3943 996 4008 multo
1019 3941 1191 4026 peritiores
1220 3946 1313 4007 erant
1334 3941 1435 4006 histo-

265 4047 332 4112 rioo
352 4047 489 4114 Rhodio.
513 4049 718 4116 Probabilius
738 4049 818 4114 mihi
836 4049 964 4115 videtur
980 4048 1142 4114 Zenonem
1161 4047 1297 4133 Polybio
1317 4052 1434 4114 testem

266 4152 368 4218 fuisse
386 4177 494 4221 rerum
512 4155 547 4221 in
565 4157 676 4244 regnis
696 4156 855 4221 orientem
876 4178 985 4222 versus
1005 4157 1077 4221 sitis
1097 4159 1273 4240 gestarum,
1286 4153 1434 4240 inprimis

356 4386 383 4453 1)
400 4385 655 4454 Pauly-Wissowa,
675 4403 695 4440 s.
710 4403 736 4439 v.
755 4383 909 4439 Antiochos
929 4390 971 4440 25.

320 4507 325 4522 r
355 4476 382 4543 2)
400 4473 459 4530 Pol.
474 4474 513 4527 HI
528 4480 552 4543 2,
569 4479 598 4542 5;
619 4480 687 4544 3‚2;
707 4479 731 4547 3,
748 4481 772 4528 7.
795 4473 834 4528 IV
849 4480 892 4544 19,
907 4481 931 4528 8.
955 4474 1037 4543 V24‚
1054 4480 1100 4542 113
1120 4479 1206 4542 28,1;
1227 4479 1268 4541 63,
1285 4478 1314 4541 5;
1334 4477 1434 4542 100,9.
