3498 5202
807 308 1025 373 ..44-

332 469 554 536 Romanorum
581 467 681 535 classi
708 468 848 535 defuisse
876 469 1065 535 concludere
1093 469 1225 535 minime
1257 469 1347 537 licet:
1380 469 1504 536 bellum

333 577 419 642 enim
442 577 475 642 in
495 576 617 642 Peraea
635 573 719 664 (Liv.
738 575 880 640 XXXIII
902 574 958 662 18)
980 597 1046 642 non
1069 576 1141 661 ipsi,
1160 576 1214 641 aed
1235 575 1336 661 copiis
1360 597 1502 642 mercen·

332 683 433 748 uariis
456 683 508 749 usi
531 687 717 769 gesserunt,
741 705 841 768 quare
864 705 919 748 eos
943 682 1078 749 navibus
1102 684 1143 749 ad
1166 682 1301 749 classem
1319 681 1502 749 Romanam

337 788 503 855 mittendis
528 790 746 873 supersedisse
769 793 884 873 putare
907 811 974 855 non
997 811 1078 873 opus
1102 794 1161 856 est.

420 894 631 981 Rhodiorum,
654 918 734 981 quos
757 896 868 962 Livius
890 895 963 981 ipso
986 896 1073 961 bello
1093 895 1302 962 Macedonico
1324 896 1422 961 nimis
1445 919 1502 962 ne-

336 1003 448 1090 glexit,
462 1005 570 1067 tamen
585 1002 758 1087 Polybium
773 1003 933 1068 rationem
949 1002 1078 1068 duxisse
1091 1002 1293 1088 digressione
1313 1002 1503 1086 ostenditur,

333 1131 430 1194 qnam
454 1130 539 1174 nunc
562 1112 760 1174 tractaturus
784 1131 864 1174 sum.
909 1108 1046 1193 Propria
1074 1109 1159 1174 enim
1187 1109 1264 1174 belli
1287 1109 1502 1194 descriptione

241 1286 244 1292 ¹
331 1215 474 1300 perfecta
498 1215 625 1281 minora
645 1216 812 1301 quaedam,
832 1237 913 1300 quae
934 1218 1132 1302 supererant,
1150 1214 1308 1301 Polybius
1328 1214 1502 1304 expedivit,

332 1321 445 1386 eodem
469 1322 565 1387 modo
589 1344 651 1407 quo
676 1322 768 1387 illum
789 1321 976 1405 saepissime
999 1343 1086 1387 nova
1108 1322 1215 1388 verbis
1237 1321 1340 1388 hisce:
1363 1319 1502 1388 11111111

330 1430 410 1505 τοὺς
428 1427 551 1506 αὐτοὺς
568 1429 707 1516 καιρούς
724 1429 887 1513 prioribus
907 1428 1091 1495 adiunxisse
1109 1429 1262 1513 invenies,
1276 1429 1375 1494 etiam
1391 1428 1501 1496 Livius
1520 1459 1523 1464 ·

332 1533 491 1620 (XXXIII
513 1536 563 1620 18,
580 1534 613 1621 1)
647 1535 778 1601 exordio
811 1557 901 1601 usus:
935 1533 1066 1600 ‘iisdem
1095 1532 1261 1621 diebus’1)
1290 1536 1328 1600 de
1358 1536 1453 1601 rebus
1481 1558 1503 1601 a

331 1641 469 1708 Rhodiis
492 1643 527 1707 in
550 1642 671 1707 Peraea
699 1664 783 1707 anno
810 1642 869 1707 197
901 1642 1003 1727 gestis
1032 1640 1141 1707 refert.
1186 1637 1278 1718 Quas*
1303 1663 1341 1707 ex
1364 1639 1525 1707 Zenonis

331 1748 417 1813 libro
441 1772 461 1815 1
483 1748 621 1834 Polybio
646 1753 831 1832 assumptas
864 1770 934 1814 esse
966 1750 1000 1812 in
1028 1752 1182 1833 promptu
1210 1753 1273 1836 est3
1305 1747 1501 1832 expeditioni

333 1855 419 1920 enim
433 1856 484 1921 illi
503 1856 688 1921 levissimae
703 1855 752 1920 vis
769 1855 908 1920 maxima
927 1855 1094 1920 tribuitur:
1115 1855 1236 1940 singuli
1256 1855 1376 1920 milites
1390 1855 1503 1921 Pausi·

332 1960 443 2047 strati,
465 1961 667 2028 Rhodiorum
691 1961 794 2045 ducis,
817 1982 919 2046 paene
948 1961 1060 2046 digitis
1089 1964 1320 2046 computantur
1344 1960 1501 2046 (XXXIII

333 2069 385 2153 18,
399 2070 500 2156 2-33
522 2070 571 2150 18,
587 2065 637 2155 5);
661 2090 725 2153 qua
743 2068 869 2134 ratione
889 2067 974 2134 acies
994 2067 1195 2134 Rhodiorum
1218 2090 1320 2152 parva
1342 2067 1503 2134 instructa

332 2174 375 2240 sit
393 2172 550 2262 (XXXIII
572 2175 622 2255 18,
637 2175 771 2258 9—11),
795 2197 921 2241 summa
945 2197 1017 2240 cum
1041 2163 1124 2240 cura¹
1141 2175 1321 2259 exponitur,
1344 2178 1502 2260 tanquam

331 2302 442 2367 pugna
465 2283 631 2366 praeclara
660 2285 783 2367 agatur.
830 2282 1006 2347 Auctorem
1038 2281 1072 2346 in
1104 2283 1200 2347 rebus
1229 2281 1408 2347 aRhodiis
1435 2305 1502 2348 non

332 2389 437 2454 solum
460 2388 518 2454 illa
542 2392 657 2473 aetate,
676 2389 731 2455 sed
750 2392 783 2453 et
806 2391 902 2454 antea
925 2391 958 2452 11
980 2391 1094 2472 postea
1113 2388 1213 2472 gestis
1237 2388 1317 2453 bene
1337 2392 1501 2454 versatum

332 2516 402 2560 esse
430 2495 555 2561 duobus
583 2495 665 2561 locis
696 2495 863 2580 discimus,
893 2494 998 2578 primo
1023 2491 1180 2582 (XXXIII
1202 2495 1252 2581 18,
1269 2493 1315 2584 1),
1344 2518 1407 2580 quo
1435 2495 1501 2561 iam

332 2605 428 2667 antea
451 2601 605 2667 Peraeam
628 2601 689 2667 sub
712 2601 912 2667 Rhodiorum
936 2601 1095 2666 maiorum
1115 2601 1238 2694 dicione
1262 2602 1375 2686 fuisse,
1397 2604 1500 2668 altero

332 2704 488 2793 (XXXIII
508 2705 645 2794 18,22),
678 2730 741 2793 quo
766 2706 1004 2802 Stratoniceam
1037 2708 1203 2794 aliquanto
1235 2712 1312 2794 post
1343 2729 1401 2793 per
1433 2708 1498 2772 An-

331 2813 476 2879 tiochum
498 2819 662 2899 receptam
686 2835 756 2879 esse
779 2815 991 2880 contenditur.
1022 2813 1225 2900 Quapropter
1245 2814 1397 2899 Polybius
1416 2815 1500 2880 hanc

331 2920 551 2985 narrationem
565 2941 632 2985 non
642 2917 848 2986 Achaeorum
863 2921 1022 3006 cuiquam,
1033 2942 1168 3006 quorum
1183 2921 1335 3004 permulti
1346 2919 1500 3007 (XXXIII

334 3025 385 3109 18,
400 3024 434 3112 5)
454 3025 488 3090 in
500 3026 703 3092 Rhodiorum
723 3027 866 3092 exereItu
884 3030 986 3107 erant,
1009 3027 1064 3092 sed
1079 3026 1200 3092 Zenoni
1219 3027 1341 3094 debuit.
1378 3026 1500 3103 Quodsi

333 3153 408 3197 vero
432 3132 569 3198 Rhodiis
599 3134 725 3198 crimini
755 3134 843 3198 dedit
871 3156 927 3199 eos
956 3134 1078 3199 bellum
1106 3155 1171 3199 non
1201 3133 1281 3199 satis
1305 3137 1435 3199 strenue
1459 3133 1499 3198 ad

331 3239 430 3304 finem
453 3238 650 3325 perduxisse,
672 3240 707 3305 id
729 3241 799 3324 ipso
823 3240 953 3306 addidit.

602 3542 632 3606 8.
668 3537 716 3608 De
738 3563 822 3620 pace
846 3563 925 3607 cum
947 3551 1104 3622 Philippo
1128 3550 1227 3609 11111.

422 3680 607 3747 Flaminino
641 3687 673 3747 11
704 3682 856 3768 Philippo
889 3684 928 3748 de
959 3685 1047 3768 pacis
1081 3685 1323 3750 condicionibus
1356 3687 1391 3751 in
1427 3686 1499 3751 sinu

332 3786 471 3854 Maliaco
500 3788 620 3854 frustra
649 3790 908 3875 colloquentibus
936 3790 1042 3855 hieme
1067 3791 1214 3876 198s197
1244 3813 1316 3856 cum
1345 3792 1401 3857 alii
1428 3796 1499 3859 tum

331 3893 619 3982 Acesimbrotus2),
643 3896 741 3961 classi
763 3894 911 3960 Rhodiae
934 3896 1126 3981 praefectus,
1149 3897 1261 3963 aderat
1284 3895 1369 3985 (Pol.
1387 3897 1500 3963 XVIII

331 4000 469 4086 2,3sq.;
491 4000 560 4067 Liv.
578 4001 706 4067 XXXII
726 4000 859 4086 32,11).
905 4000 994 4077 Quae
1015 4003 1069 4068 hic
1096 4003 1145 4069 vir
1169 4027 1188 4068 1
1209 4003 1361 4088 Philippo
1389 4007 1498 4088 postu·

331 4106 465 4190 laverit,
511 4110 604 4172 tanta
644 4107 813 4192 diligentia
854 4111 1044 4193 repetuntur
1081 4108 1163 4197 (Pol.
1190 4109 1303 4176 XVIII
1331 4111 1366 4198 2,
1389 4112 1498 4196 3-4;

330 4251 543 4258 μὴ’-’.-

421 4339 447 4406 1)
466 4335 507 4391 of.
527 4334 614 4390 etiam
631 4333 691 4390 niv.
706 4335 823 4391 XXXIII
838 4343 879 4407 14,
896 4344 924 4408 13
943 4336 1045 4392 NIasen
1062 4343 1164 4408 p.‘141.
1276 4361 1278 4364 ·

422 4425 447 4492 2)
468 4423 507 4479 cf.
527 4423 712 4494 appendicem
732 4425 780 4480 rb.
