3498 5202
739 347 952 411 „39-

259 514 346 594 sent,
369 508 488 574 iterum
512 505 630 574 Chium
658 507 825 574 redierunt
847 503 942 594 (XVI
962 507 991 586 8,
1005 505 1055 592 5):
1091 505 1192 572 πάλιν
1220 505 1431 574 ἀπέπλευσαν

260 617 307 694 εἰς
320 615 382 699 τὴν
396 615 491 680 Χίον.
513 614 717 682 Vocabulum
737 613 816 678 illud
835 613 936 678 πάλιν
956 613 996 679 ad
1009 612 1155 680 Rhodios
1176 615 1264 680 solos
1284 617 1431 699 spectare

258 721 464 810 perspicuum
488 728 546 787 est.

346 827 461 913 Neque
480 849 555 894 vero
581 829 622 893 ab
642 828 731 896 omni
755 830 863 893 errato
882 826 1039 912 Polybius
1059 827 1154 911 cavit,
1174 849 1247 892 cum
1265 829 1431 909 nonnulla,

259 957 340 1021 quae
364 957 462 1020 supra
484 935 519 1000 in
542 957 672 1022 pugnae
694 934 882 1000 narratione
906 933 1135 1013 invenirentur,
1158 934 1244 1010 infra
1266 935 1300 999 in
1324 933 1429 1000 indice

260 1044 392 1109 navium
421 1039 514 1130 (XVI
534 1041 567 1128 7)
591 1043 632 1108 cb
657 1043 804 1127 utrisque
828 1040 1021 1106 amissarum
1045 1040 1167 1106 frustra
1190 1046 1429 1124 quaererentur.

264 1147 346 1213 Sunt
369 1149 455 1215 enim
483 1149 576 1238 haec:
604 1149 739 1214 Attalus
767 1170 865 1213 uncm
887 1147 1100 1214 Macedonum
1124 1151 1254 1213 octeren
1277 1147 1431 1213 demersit

259 1252 354 1342 (XVI
373 1257 403 1339 3,
418 1252 468 1340 2)3
500 1254 605 1321 altera
637 1256 753 1321 octeris
782 1255 929 1339 Philippi
961 1276 981 1320 a
1009 1253 1220 1339 Pergamenis
1253 1258 1348 1338 capta
1381 1260 1432 1320 est

260 1360 352 1446 (XVI
370 1362 401 1447 3,
415 1358 553 1448 8-11);
586 1384 625 1426 ex
653 1362 758 1427 Attali
789 1361 926 1427 navibus
955 1361 1036 1427 duce
1068 1362 1285 1446 quadriremes
1315 1364 1430 1444 captae

260 1472 337 1532 sunt
355 1489 374 1532 a
392 1467 543 1553 Philippo
564 1465 657 1555 (XVI
672 1471 702 1555 6,
718 1465 827 1556 1-5).
863 1467 952 1546 Quae
972 1470 1126 1553 quattuor
1144 1489 1244 1534 naves
1263 1467 1298 1531 in
1316 1467 1430 1532 tabula

259 1574 392 1639 navium
421 1574 616 1640 amissarum
642 1575 874 1641 desiderantur.
919 1573 1001 1641 (lum
1029 1574 1134 1641 adhuc
1161 1573 1294 1640 tertium
1322 1573 1429 1639 solum

258 1679 372 1746 vitium
396 1680 563 1766 cognitum
587 1686 685 1766 esset,
708 1680 903 1747 Meibomius
911 1679 937 1768 ¹)
968 1681 1127 1746 medelam
1157 1680 1271 1747 afferre
1294 1683 1429 1746 conatus

260 1791 310 1852 eet
328 1786 499 1852 inserendo
519 1785 613 1874 (XVI
632 1790 662 1873 7,
676 1785 726 1874 3):
749 1788 884 1871 ἥλωσαν
908 1784 945 1854 db
969 1787 1031 1854 delo
1055 1790 1229 1874 τετρήρεις.
1267 1785 1301 1852 si
1323 1789 1430 1852 cetera

260 1915 387 1978 quoque
416 1894 496 1960 vitia
526 1895 652 1960 eodem
668 1895 764 1960 modo
795 1895 999 1980 tolleremus,
1021 1896 1161 1979 primum
1185 1894 1314 1978 quidem
1337 1914 1430 1959 voca-

261 2000 374 2066 bulum
394 1999 534 2086 ὀκτήρης
548 1997 641 2087 (XVI
659 2003 687 2085 7,
704 1998 738 2088 1)
757 2001 843 2066 inter
862 2000 1003 2086 ἑννήρης
1021 2006 1054 2066 et
1072 1998 1214 2086 ἑπτήρης
1233 2001 1430 2082 adderemus,
1502 2007 1505 2014 ’

261 2105 374 2172 deinde
397 2107 455 2171 fini
474 2106 616 2172 eiusdem
635 2108 836 2193 paragraphi
854 2108 1116 2194 adiungeremus:
1139 2108 1208 2191 ἥλω
1228 2103 1258 2172 δ’
1281 2105 1430 2192 ὀκτήρης.

260 2209 340 2277 Cum
364 2234 477 2278 omnes
500 2217 567 2279 tres
591 2214 794 2280 coniecturas
826 2215 972 2298 reiciam,
995 2215 1101 2301 magis
1128 2217 1236 2297 placet
1258 2212 1429 2298 Polybium

259 2319 366 2403 ipsum
395 2319 476 2386 haec
505 2320 586 2386 vitia
617 2321 816 2388 commisisse
847 2343 919 2387 cum
946 2321 1054 2387 fontes
1079 2320 1223 2386 diversos
1250 2341 1319 2385 non
1348 2319 1429 2385 satia

260 2426 431 2512 diligenter
461 2432 676 2512 componeret.
722 2427 983 2513 Descriptionem
1013 2427 1098 2492 enim
1128 2448 1256 2512 pugnae
1287 2426 1428 2510 scriptor

261 2555 300 2598 ex
323 2532 460 2599 Zenonis
487 2532 586 2620 libro,
609 2534 749 2601 indicem
776 2535 906 2601 navium
932 2533 1125 2600 amissarum
1155 2556 1194 2598 ex
1216 2533 1329 2598 tabula
1353 2554 1429 2618 qua·

260 2640 353 2722 dam,
387 2640 525 2706 fortasse
561 2643 712 2727 prytanei
747 2641 950 2707 Rhodiorum
986 2638 1080 2726 (XVI
1099 2640 1155 2720 15,
1175 2639 1211 2727 8)
1248 2639 1427 2725 sumpsisse

259 2743 427 2834 videtur2).

348 2852 382 2919 si
411 2853 584 2938 Polybium
616 2854 650 2920 in
677 2854 874 2941 gravissima
901 2874 1013 2940 pugna
1041 2854 1082 2920 ed
1110 2852 1227 2920 Chium
1257 2853 1430 2920 commissa

260 2960 388 3028 Zenone
421 2983 515 3026 usum
547 2982 617 3026 esse
649 2963 834 3047 agnoveris,
865 2963 900 3027 in
933 2962 1050 3028 ceteris
1078 2982 1206 3047 quoque
1233 2961 1330 3027 huius
1353 2961 1430 3027 belli

259 3068 409 3152 partibus
433 3068 624 3152 scriptorem
647 3068 811 3136 Rhodium
835 3069 1017 3134 adhibitum
1041 3090 1113 3135 esse
1136 3068 1205 3134 veri
1228 3067 1334 3133 simile
1358 3089 1429 3133 esee

260 3175 424 3241 concedes.
469 3174 581 3260 Neque
604 3179 716 3240 tamen
739 3175 800 3241 hoc
822 3179 933 3260 aperte
962 3175 1178 3240 demonstrari
1207 3178 1330 3258 potest:
1358 3174 1430 3259 plu-

260 3281 344 3346 rima
367 3281 453 3346 enim
475 3281 653 3366 perierunt,
676 3282 873 3368 paucissima
899 3281 1015 3347 relicta
1038 3284 1122 3345 sunt.
1167 3281 1231 3346 Vel
1259 3280 1428 3346 vehemen-

261 3387 383 3452 tissime
402 3391 510 3453 autem
530 3388 703 3453 dolendum
722 3393 780 3473 est,
800 3388 885 3473 quod
909 3408 956 3472 ea,
975 3408 1056 3472 quae
1076 3386 1235 3471 Polybius
1260 3386 1430 3472 depugna

262 3491 400 3558 Ladensi
430 3489 485 3580 (cf.
508 3516 539 3578 p.
559 3492 593 3580 7)
624 3496 814 3580 scripserat,
845 3495 970 3560 desunt.
1015 3493 1101 3559 Nam
1130 3494 1346 3579 fragmentum
1376 3495 1429 3574 33,

261 3599 347 3685 quod
375 3597 661 3685 Schweighaeuser
693 3601 733 3666 ad
765 3602 849 3667 banc
880 3621 1025 3686 pugnam
1057 3602 1214 3667 retulerat
1242 3599 1429 3683 Aruseium,

261 3705 398 3791 Amorgi
422 3706 585 3792 oppidum,
602 3730 703 3793 prope
722 3709 832 3774 Laden
850 3707 951 3773 luisse
971 3708 1181 3791 contendens,
1198 3707 1262 3772 huc
1282 3710 1428 3792 spectare

260 3833 325 3878 non
357 3817 453 3898 puto,
485 3814 747 3899 quandoquidem
779 3813 933 3882 Arcesius
966 3814 1096 3898 longius
1133 3817 1263 3904 centum
1296 3812 1428 3878 milibus

260 3923 440 3985 metrorum
463 3920 503 3984 ab
527 3920 613 3987 Lade
637 3921 738 3987 abest.

348 4024 419 4091 lam
438 4025 476 4090 de
495 4025 641 4112 reliquiis
656 4027 846 4114 Polybianis
861 4028 929 4093 eius
949 4027 1028 4093 belli
1042 4027 1182 4092 exilibus
1197 4047 1303 4112 agam.
1318 4024 1397 4090 XVI
1410 4026 1427 4090 1

260 4133 430 4218 Philippus
453 4154 509 4198 rex
533 4134 812 4200 vehementissime
835 4136 1031 4218 increpatur,
1055 4134 1141 4218 quod
1161 4133 1268 4198 Attali
1291 4153 1427 4218 regnum

350 4382 377 4449 1)
394 4377 508 4436 Graevii
526 4378 684 4435 Thesaurus
703 4380 798 4449 Antiq.
818 4380 897 4436 Rom.
916 4379 969 4433 XII
987 4384 1047 4434 679.

350 4473 377 4541 2)
395 4469 437 4524 De
454 4484 551 4539 pugna
569 4469 607 4523 ad
627 4469 726 4525 Chiam
744 4468 894 4526 commissa
913 4469 948 4526 cf.
968 4468 1055 4524 etiam
1075 4464 1260 4540 appendicem
1277 4470 1302 4520 3.
1416 4521 1417 4528 ,
