3498 5202
804 308 1136 424 -ca-¹

331 519 439 585 Rhodi
458 520 500 585 ab
518 518 686 584 Demetrio
700 517 882 584 Poliorceta
899 519 1091 584 instructam
1112 517 1368 582 conscribentem
1387 517 1498 600 legun-

329 631 397 706 tur,
421 649 517 710 quam
546 625 796 711 descriptionem
819 624 1014 690 Zenonicam
1043 645 1112 688 esse
1140 624 1204 687 iam
1227 622 1362 687 Mueller
1386 618 1499 709 (ΒΗΘ.

310 785 312 790 .
329 732 380 797 ΙΙΙ
400 729 478 819 178)
501 732 673 817 perspexit.
698 731 821 809 Quodsi
838 731 948 798 Zenon
967 731 1033 796 iarn
1055 731 1118 795 140
1138 750 1240 795 annos
1260 728 1404 795 amicitia
1422 750 1498 794 con-

329 840 457 904 iunctos
482 860 552 904 esse
575 837 741 904 Romanos
760 837 969 923 Rhodiosque
993 837 1169 920 contendit,
1187 839 1296 900 utrum
1320 857 1431 900 verum
1455 836 1499 900 sit

329 967 429 1011 necne
458 945 641 1010 examinare
668 966 734 1010 non
763 965 949 1030 possumus,
975 965 1080 1029 neque
1107 964 1183 1007 vero
1211 941 1399 1008 incredibile
1427 963 1498 1007 esse

330 1074 453 1136 conseo,
473 1051 731 1137 qnandoquidem
750 1050 886 1116 Rhodiis
905 1073 978 1117 cum
994 1048 1105 1115 Sicilia
1124 1049 1190 1114 iam
1211 1049 1392 1134 antiquitus
1412 1069 1498 1113 com-

328 1158 483 1223 mercium
507 1157 608 1223 fuisse
632 1159 760 1223 constat
783 1156 838 1244 (cf.
856 1157 925 1223 Pol.
944 1157 991 1221 IX
1009 1158 1062 1242 27,
1078 1152 1179 1242 leq).

417 1264 633 1350 Apertissime
666 1286 742 1330 vero
779 1265 813 1330 in
848 1265 912 1329 fine
950 1263 1065 1348 capitis
1097 1261 1178 1350 (Pol.
1198 1260 1291 1326 XXX
1309 1261 1341 1348 5,
1358 1264 1398 1328 13
1414 1259 1496 1348 sqq.)

328 1371 438 1436 Zenon
463 1370 644 1454 exhibetur,
668 1393 740 1436 oum
764 1393 815 1436 res
840 1370 915 1436 illae
945 1371 1098 1454 parvulae
1121 1369 1155 1433 in
1180 1369 1364 1433 continente
1387 1373 1497 1452 gestae

327 1476 467 1542 neminis
491 1478 558 1542 fere
581 1478 646 1542 nisi
670 1477 870 1543 Rhodiorum
894 1476 1049 1541 interesse
1073 1476 1246 1560 potuerint
1280 1474 1331 1540 De
1352 1474 1497 1541 Euromo

328 1590 436 1647 autern
455 1583 553 1648 etiam
568 1585 644 1649 novi
660 1584 781 1668 aliquid
799 1584 862 1649 hoc
880 1582 953 1648 loco
969 1583 1134 1668 discimus3
1152 1604 1229 1647 nam
1249 1582 1304 1647 alii
1324 1583 1496 1667 scriptores
1606 1657 1615 1676 .

327 1689 509 1755 Euromnm
537 1688 652 1755 Cariae
681 1690 833 1776 oppidum
865 1690 966 1755 fuisse
998 1689 1122 1773 dicunt3
1158 1689 1211 1754 hic
1219 1687 1243 1772 ¹)
1272 1710 1346 1755 vero
1378 1710 1497 1754 nomen

327 1796 408 1861 illud
436 1796 477 1861 ad
505 1797 705 1880 provinciam
734 1818 862 1881 quoque
886 1795 1087 1862 Rhodiorum
1110 1795 1273 1880 quandam
1301 1794 1496 1880 pertinuisse

326 1903 474 1986 legimus.

417 2008 465 2073 De
490 2008 610 2074 eisdem
639 2010 735 2074 rebus
759 2009 921 2074 Diodorus
951 2031 1078 2095 quoque
1106 2009 1186 2095 egit,
1209 2007 1317 2072 XXXI
1337 2008 1366 2073 5.
1411 2007 1496 2072 Illud

328 2118 425 2201 caput
444 2117 605 2180 extribus
626 2115 784 2200 excerptis
804 2115 938 2181 diversis
958 2118 1096 2199 constat,
1110 2117 1226 2202 quibus
1244 2114 1365 2201 partim
1384 2113 1496 2178 eadem

326 2225 513 2306 narrantur,
532 2222 658 2287 minimi
680 2223 777 2308 pretii
800 2228 851 2288 est
874 2225 1060 2307 excerptum
1079 2221 1272 2287 Vaticanum
1297 2221 1341 2306 (5,
1354 2217 1405 2309 2)3
1432 2242 1495 2284 me·

326 2329 411 2394 liora
435 2333 511 2394 sunt
539 2333 725 2412 excerptum
749 2329 859 2395 Photii
885 2328 983 2416 (5,1)
1014 2333 1047 2394 et
1069 2328 1274 2394 Constantini
1298 2328 1336 2393 de
1359 2327 1494 2413 legatio·

325 2434 422 2499 nibus
446 2434 492 2520 (5,
506 2433 551 2522 3).
595 2436 647 2500 Ex
675 2436 791 2520 quibus
821 2436 944 2521 optime
972 2439 1109 2520 apparet
1131 2434 1302 2518 Polybium
1330 2455 1431 2518 paene
1454 2433 1495 2496 ad

325 2541 455 2607 litteras
470 2541 667 2627 descriptum
685 2565 764 2627 esse,
778 2543 865 2627 quod
879 2541 1058 2608 Diodorum
1073 2541 1166 2606 libris
1180 2537 1496 2606 XXVIII—XXXII

325 2647 446 2732 ubique
469 2647 584 2713 fecisse
606 2648 727 2714 Nissen
750 2646 795 2736 (p.
816 2650 880 2716 110
890 2646 973 2737 sqq.)
997 2649 1242 2714 demonstravit.

416 2753 521 2820 Multo
558 2755 691 2821 maioris
728 2757 884 2821 momenti
917 2755 1003 2820 Livii
1040 2755 1204 2820 enarratio
1242 2752 1343 2838 (XLV
1363 2753 1417 2839 20,
1429 2752 1492 2816 4-

325 2855 450 2945 25,13)
476 2864 526 2925 est
556 2883 595 2925 ex
622 2862 793 2926 annalibus
820 2861 940 2926 hausta
968 2859 1023 2947 (of.
1047 2859 1180 2945 Nissen,
1207 2883 1237 2945 p.
1256 2859 1323 2925 274
1332 2856 1405 2946 sq).
1449 2857 1496 2923 Ut

327 2965 412 3048 apud
436 2964 608 3049 Polybium
631 2970 742 3051 partes
766 2966 966 3032 Rhodiorum
990 2967 1045 3052 agi
1072 2967 1168 3032 modo
1196 2964 1241 3051 (p.
1261 2962 1318 3053 66)
1345 2965 1495 3047 vidimus,

286 3082 289 3086 ’
325 3071 372 3136 ita
395 3071 481 3155 apud
504 3070 632 3137 Livium
660 3077 826 3138 senatores
850 3073 989 3138 Romani
1017 3073 1138 3157 primas
1166 3077 1276 3158 partes
1306 3076 1415 3158 agunt.
1461 3070 1494 3135 Is

325 3178 381 3261 qui
403 3178 497 3263 legit,
520 3179 655 3245 interest
678 3179 814 3246 consilio
844 3184 1032 3245 senatorum
1061 3179 1099 3244 de
1121 3178 1247 3245 ratione
1275 3178 1402 3263 habito,
1431 3199 1494 3263 qua

324 3285 451 3371 legatos
474 3284 675 3351 Rhodiorum
700 3287 804 3370 excipi
828 3289 1001 3371 oporteret.

413 3390 504 3457 Inter
527 3392 636 3476 capita
658 3391 745 3457 XLV
766 3393 806 3457 21
833 3397 866 3458 et
888 3393 931 3458 22
959 3393 1075 3457 lacuna
1098 3397 1162 3477 est,
1185 3413 1249 3476 qua
1271 3391 1402 3456 initium
1425 3412 1494 3455 ora·

324 3498 437 3576 tionis,
470 3520 566 3582 quam
599 3499 725 3584 legatus
759 3498 889 3583 quidam
921 3497 1123 3564 Rhodiorum
1159 3498 1193 3562 in
1227 3503 1341 3565 senatu
1358 3482 1362 3490 ’
1378 3497 1495 3562 habuit

325 3602 427 3689 (XLV
446 3605 632 3690 22,1-24,
649 3601 714 3691 14),
736 3605 842 3689 periit.
886 3604 970 3669 Eam
995 3605 1174 3670 orationem
1198 3626 1236 3669 ex
1256 3603 1391 3687 Polybio
1415 3603 1514 3667 hau·-

324 3713 411 3775 stam
438 3731 505 3774 non
534 3731 604 3774 esse
631 3731 688 3795 per
717 3732 750 3774 se
778 3713 882 3795 patet,
911 3710 1169 3795 quandoquidem
1197 3710 1253 3775 ille
1276 3731 1347 3776 eam
1370 3730 1405 3773 se
1427 3730 1492 3774 non

323 3816 519 3880 traditurum
542 3838 612 3881 osse
635 3817 705 3900 ipse
728 3815 949 3904 declaravitl).
994 3813 1185 3903 Nitnschii⁸)
1210 3815 1414 3899 sententiam,
1438 3815 1493 3898 qui

323 3920 454 3987 Livium
479 3923 658 4002 orationem
678 3921 879 4007 Astymedis,
898 3924 940 3987 ab
958 3923 1017 3987 illo
1041 3923 1113 4005 ipso
1131 3927 1244 4007 postea
1268 3921 1387 4011 editum
1407 3917 1492 4006 (Pol.

322 4027 415 4092 XXX
434 4029 641 4116 4‚10-17),
672 4030 706 4094 in
739 4051 919 4096 sermonem
952 4028 1104 4094 Latinum
1137 4030 1271 4095 vertisse
1304 4027 1493 4111 coniecerat,

455 4293 514 4350 Pol.
529 4292 607 4347 xxx
620 4298 644 4362 5,
661 4299 706 4364 ιι,
726 4299 813 4362 5,1n;
831 4291 890 4347 niv.
905 4291 979 4346 xxv
993 4297 1035 4362 25,
1052 4299 1097 4362 11;
1117 4297 1160 4361 sc,
1176 4298 1217 4347 13.

456 4382 515 4437 Pol,
530 4382 607 4436 XXX
620 4388 646 4451 4,
662 4387 690 4449 73
710 4380 790 4437 Diod.
805 4381 894 4435 XXXI
909 4386 933 4452 5,
950 4388 978 4450 13
998 4387 1022 4451 ὃ,
1038 4387 1067 4451 2;
1088 4387 1112 4451 ὃ,
1127 4387 1152 4435 3.

455 4471 588 4540 Polybios
609 4477 667 4540 131,
685 4476 725 4525 13.
