3498 5202
808 380 1025 443 „70-

421 537 536 623 Neque
553 537 700 622 profecto
716 537 888 622 Polybium
903 538 1043 604 Zenonis
1061 539 1161 604 verba
1178 539 1277 625 plane
1296 538 1504 623 exscripsisse

332 647 452 732 dicam3
482 645 641 711 nonnulla
665 667 741 710 sane
766 644 889 710 addidit
911 641 966 732 (cf.
985 644 1078 710 XXX
1095 645 1126 730 9,
1139 641 1186 732 5).
1232 643 1371 709 Zenonis
1394 646 1505 709 tamen

334 757 411 818 sunt
433 756 467 817 et
489 751 598 818 odium
620 752 656 816 in
678 751 862 817 turbatores
886 751 968 817 istos
992 752 1083 837 vulgi
1114 751 1306 817 acerrimum
1331 755 1364 816 et
1386 752 1504 818 notitia

334 881 444 925 rernm
474 858 733 943 accuratissima,
757 880 829 923 cum
860 879 911 922 res
941 857 993 922 vel
1024 857 1260 924 minutissimae
1285 880 1410 924 summa
1433 859 1505 924 dili-

336 965 449 1052 gentia
468 964 659 1030 referantur.
691 962 869 1049 Postquam
889 968 999 1029 autem
1017 964 1210 1050 Polyaratus
1229 965 1368 1030 Romam
1386 965 1504 1031 missus

335 1075 386 1138 est
408 1071 516 1156 (XXX
534 1068 654 1159 9‚19),
686 1073 797 1136 auctor
829 1070 975 1137 Rhodius
1007 1072 1056 1138 nil
1092 1071 1232 1158 amplius
1265 1072 1356 1157 dicit3
1387 1093 1504 1157 nempe

334 1181 492 1266 ignorans
516 1200 601 1261 sanc,
620 1177 697 1263 quid
718 1178 857 1244 Romani
880 1177 1007 1244 homini
1028 1178 1085 1244 isti
1107 1177 1252 1264 fecerint,
1270 1179 1351 1245 baec
1374 1177 1504 1244 silentio

335 1285 576 1370 praetermittit.
1396 1279 1399 1286 ’

423 1409 672 1493 Expositionem
695 1431 823 1475 morum
842 1408 1019 1494 Polycrati,
1043 1431 1140 1493 quam
1164 1431 1263 1495 supra
1281 1409 1366 1498 (Pol.
1380 1409 1507 1476 XXVII

337 1518 366 1600 7,
382 1513 437 1603 12)
470 1515 624 1601 legimus,
655 1538 722 1582 nou
753 1537 885 1601 prorsus
913 1517 1045 1582 veritati
1072 1517 1242 1582 convenire
1271 1517 1325 1582 hic
1349 1517 1506 1582 videmus:

337 1644 442 1707 neque
465 1623 550 1687 enirn
574 1645 647 1688 eum
670 1626 739 1688 tam
762 1624 955 1688 sceleratum
978 1623 1078 1688 fuisse
1102 1623 1153 1689 vel
1177 1623 1250 1688 inde
1274 1622 1404 1707 dilucet,
1422 1623 1507 1708 quod

210 1765 214 1772 ·
336 1728 557 1814 Ptolemaeus,
579 1728 723 1814 Aegypti
751 1752 821 1813 rex,
848 1752 921 1795 eum
950 1730 1010 1794 etsi
1040 1729 1283 1795 calamitatibus
1306 1729 1507 1814 gravissimis

338 1833 505 1900 adflictum
528 1840 637 1900 tamen
658 1835 791 1921 dignum
811 1835 910 1918 duxit,
929 1858 1023 1921 quern
1044 1859 1232 1923 quacunque
1252 1840 1364 1922 posset
1382 1835 1507 1901 ratione

341 1941 509 2006 adiuvaret
531 1938 615 2027 (Pol.
633 1940 725 2005 XXX
743 1943 774 2026 9,
787 1937 837 2028 2);
866 1946 1034 2026 praeterea
1064 1943 1230 2008 Pancratis
1261 1944 1392 2028 tyranni
1414 1941 1508 2007 liberi

341 2047 376 2111 in
398 2046 565 2132 Polycrati
589 2046 684 2112 domo
708 2047 836 2114 educati
859 2053 952 2114 erant
975 2048 1081 2137 (XXX
1100 2047 1212 2137 9,14).

604 2367 654 2433 15.
690 2379 739 2433 De
762 2376 893 2434 ultimis
915 2376 1060 2434 Zenonis
1083 2375 1248 2447 reliqniis.

428 2508 524 2575 Anno
549 2510 628 2593 166,
661 2509 745 2575 sicut
777 2510 843 2575 iam
875 2511 1019 2596 saepius,
1046 2532 1113 2574 una
1139 2532 1191 2575 res
1220 2510 1269 2575 bis
1298 2514 1510 2598 memoratum

341 2620 438 2702 atque
461 2617 603 2701 primum
623 2616 749 2702 quidem
770 2616 925 2702 Polybius
944 2615 1038 2681 XXX
1052 2617 1104 2696 20,
1121 2618 1249 2683 16-17
1274 2639 1370 2702 quam
1393 2618 1510 2684 brevis·

342 2723 422 2788 sime
451 2723 648 2807 legationem
676 2723 876 2789 Rhodiorum
905 2747 924 2788 a
951 2726 1065 2788 senatu
1087 2721 1235 2790 Romano
1266 2746 1379 2809 aspere
1407 2729 1440 2790 et
1465 2726 1511 2790 in·

341 2829 516 2893 clementer·
540 2832 707 2912 acceptam
726 2833 822 2914 atque
846 2829 981 2894 dilatam
1004 2851 1074 2895 esse
1094 2829 1184 2896 dixit.
1221 2829 1268 2896 Ut
1285 2831 1365 2896 baec
1384 2853 1404 2896 a
1421 2831 1510 2897 fonte

341 2933 470 2999 Rhodio
495 2934 676 3018 abhorrere,
700 2935 747 2999 ita
769 2936 989 3000 narrationem
1014 2935 1150 3002 alteram
1169 2935 1277 3023 (XXX
1297 2934 1356 3023 22)
1374 2937 1511 3004 Zenonis

342 3059 412 3104 csse
435 3037 639 3122 perspicuum
664 3043 728 3104 est:
759 3060 805 3105 ex.
829 3061 876 3125 gr.
900 3062 1000 3105 unum
1023 3042 1170 3120 afferam,
1195 3046 1316 3128 quanta
1343 3043 1511 3130 diligentia

342 3145 381 3210 de
405 3144 499 3212 annis
522 3148 555 3209 et
577 3149 682 3211 morte
705 3146 874 3212 Theaeteti
897 3146 1058 3213 referatur
1081 3144 1190 3234 (XXX
1208 3149 1260 3232 22,
1274 3147 1320 3235 2).

430 3269 481 3336 Ex
499 3272 683 3356 fragmento
696 3269 876 3355 Polybiane
892 3271 1026 3336 minimo
1041 3271 1135 3336 XXX
1148 3273 1192 3338 24
1210 3273 1273 3338 boc
1292 3277 1378 3339 certe
1393 3295 1511 3360 cogno·

343 3378 462 3443 scimus
486 3383 662 3463 auctorem,
679 3398 751 3442 cum
771 3378 810 3443 de
829 3377 926 3442 rebus
945 3378 979 3442 in
998 3377 1119 3443 Peraea
1137 3378 1238 3463 gestis
1256 3380 1356 3446 rerba
1379 3380 1510 3465 faceret,

343 3507 362 3548 a
390 3482 537 3568 partibus
561 3482 762 3548 Rhodiorum
791 3483 928 3549 stetisse.
973 3482 1050 3548 Ideo
1078 3484 1241 3550 Zenonem
1274 3486 1406 3551 subesse
1437 3508 1512 3573 pro-

342 3590 452 3655 babile
474 3610 555 3653 reor.

429 3712 468 3777 In
491 3713 587 3776 initio
609 3712 686 3777 libri
703 3712 812 3777 XXXI
835 3735 961 3800 quoque
980 3714 1118 3781 Zenonis
1137 3716 1276 3801 vestigia
1294 3719 1414 3801 extant,
1433 3738 1506 3782 cum

343 3818 453 3885 XXXI
473 3819 502 3902 1,
518 3820 538 3883 2
553 3841 622 3904 sqq.
647 3818 808 3885 artissime
831 3821 1003 3886 cohaereat
1027 3842 1099 3886 cum
1117 3821 1210 3885 XXX
1228 3824 1280 3905 22,
1299 3824 1389 3888 cuius
1413 3823 1512 3909 origi-

343 3948 416 3992 nem
444 3924 640 3990 Zenonicam
667 3925 763 3991 modo
790 3927 929 4011 probare
958 3927 1080 4013 studui3
1108 3931 1237 3994 senatus
1265 3929 1299 3993 in
1327 3930 1512 3996 universum

343 4035 472 4097 tantum
502 4031 523 4114 ἡ
546 4031 729 4115 σύγκλητος
755 4033 943 4098 nominatur
971 4037 1068 4119 atquc
1097 4035 1202 4100 obiter
1229 4039 1402 4118 tractatur,
1425 4035 1510 4102 Rbo-

344 4139 471 4206 diorum
494 4159 545 4202 res
569 4138 672 4205 multo
695 4138 858 4225 copiosius
882 4141 1091 4224 explicantur.

432 4262 543 4328 Etiam
575 4262 736 4346 permulto
767 4264 884 4330 clarius
917 4268 1029 4330 auctor
1061 4267 1192 4350 quidam
1221 4266 1367 4333 Rhodius
1396 4288 1513 4353 cogno·

346 4370 446 4434 scitur
477 4368 546 4434 Pol.
565 4367 675 4433 XXXI
695 4371 728 4454 73
760 4369 864 4435 oratio
897 4375 1004 4437 autem
1039 4373 1155 4457 altera,
1188 4395 1284 4458 quam
1317 4372 1513 4458 Astymedes

347 4497 432 4541 anno
455 4475 517 4542 164
540 4475 574 4539 in
598 4478 714 4541 senatu
736 4476 860 4557 habuit,
878 4499 980 4561 paene
1004 4478 1044 4543 ad
1064 4478 1162 4544 verba
1185 4479 1330 4544 iteratur.
1362 4478 1512 4546 Fortasse
