3498 5202
772 333 984 397 „23-

294 515 414 558 annum
437 493 501 558 217
526 492 695 579 tractauit;
725 492 832 559 subito
856 514 932 559 vero
956 492 1091 577 V88,l
1121 493 1224 559 denuo
1248 493 1387 559 mediam
1411 491 1462 560 de-

294 600 504 686 scriptionem
529 601 724 684 abrumpens
754 600 895 665 transitu
918 600 1013 666 nobis
1035 601 1101 668 iam
1124 605 1217 668 noto:
1243 600 1284 665 cd
1312 595 1373 684 ptr
1400 594 1463 665 οὖν

293 708 375 772 κατὰ
397 708 459 792 τὴν
479 701 591 772 Ἀσίαν
615 706 651 772 ἐν
674 707 806 784 τούτοις
828 701 884 790 ἦν·
909 703 1030 773 Ῥόδιοι
1054 705 1091 773 δὲ
1113 713 1181 774 κτλ.
1204 729 1339 774 munera
1360 729 1463 792 paene

293 815 546 879 innumerabilia
572 814 709 880 Rhodiis
738 818 814 898 post
839 815 1005 900 ingentem
1035 820 1141 881 terrae
1170 819 1296 881 motum
1323 814 1464 898 undique

293 921 393 986 missa
416 921 632 987 dinumeravit
652 919 768 1007 (Vae,
781 920 901 1004 5-90,
914 919 994 1007 2)1),
1014 944 1097 1006 quae
1116 922 1194 1007 quin
1214 944 1253 987 ex
1276 921 1366 986 fonte
1385 944 1462 1006 quo-

293 1027 367 1092 dam
386 1027 513 1094 Rhodio
533 1028 653 1093 hausta
671 1028 748 1111 sint,
766 1050 833 1093 non
856 1028 988 1093 dubium
1008 1033 1066 1094 est.
1102 1028 1174 1095 Hoc
1193 1032 1302 1094 autem
1321 1025 1464 1093 dubitari

293 1138 415 1220 potest,
447 1139 556 1199 utrum
588 1133 747 1218 Polybius
781 1156 819 1200 ea
851 1157 891 1199 ex
921 1134 1049 1200 Zenone
1081 1135 1289 1219 exscripserit
1321 1155 1363 1199 an
1393 1135 1463 1218 ipss

293 1241 402 1306 Rhodi
427 1241 574 1307 tabulam
604 1241 747 1324 aliquam
777 1241 936 1306 donorum
963 1241 1154 1328 inspexerit,
1183 1241 1245 1308 hoc
1272 1237 1464 1328 Droyeeni),

292 1347 375 1422 illud
411 1346 553 1413 Valeton
590 1345 635 1435 (p.
655 1345 735 1434 202)
773 1351 806 1412 et
843 1345 937 1413 Scala
976 1345 1019 1434 (p.
1039 1347 1119 1434 261)
1161 1349 1463 1432 comprobaverunt.

174 1445 175 1450 ¹
292 1454 486 1538 Quanquam
504 1476 608 1539 neque
627 1477 666 1519 ex
686 1453 928 1520 enumeratione
947 1454 1020 1539 ipsa
1037 1477 1142 1539 neque
1157 1477 1195 1520 ex
1209 1455 1328 1540 verbis,
1347 1455 1464 1541 quibus

146 1600 148 1605 ·
215 1641 217 1644 .
292 1561 352 1627 illa
387 1562 480 1645 quasi
518 1562 660 1646 cingitur
699 1559 745 1647 (V
764 1562 816 1646 88,
833 1561 933 1648 1-43
957 1562 1009 1646 90,
1023 1559 1139 1650 3-4),
1172 1562 1252 1627 certi
1289 1563 1464 1647 quidquam

292 1667 468 1753 lucramur,
491 1673 602 1734 tamen
625 1667 785 1752 Droyseni
809 1669 1004 1735 sententiam
1026 1669 1189 1753 praefero,
1218 1669 1285 1734 sive
1309 1668 1464 1752 Polybius

293 1775 374 1840 haec
410 1775 490 1860 legit
526 1775 560 1840 in
596 1775 810 1860 inscriptions
842 1775 949 1840 Rhodi
986 1777 1019 1839 in
1056 1777 1136 1842 urbe
1172 1776 1293 1860 posita,
1326 1775 1394 1840 sive
1430 1774 1465 1839 in

294 1884 465 1966 prytaneo.
625 1969 628 1976 ι

383 1985 497 2072 Neque
526 1987 636 2054 omnia
664 1989 749 2080 dona
776 1992 1018 2069 enumerantur,
1043 1989 1099 2054 sed
1127 1989 1261 2055 dimidia
1283 1991 1351 2054 fere
1373 2012 1463 2076 pars,

287 2093 427 2158 alterius
456 2094 559 2178 partis
589 2096 778 2163 brevissime
809 2097 905 2162 modo
934 2096 1055 2162 mentio
1083 2097 1122 2160 fit
1149 2097 1190 2161 iis
1217 2097 1297 2162 viris
1328 2096 1464 2161 strictim
1559 2117 1562 2122 ·
1595 2087 1596 2090 ¹

297 2203 567 2284 commemoratis,
578 2204 633 2287 qui
647 2210 815 2287 praeterea
822 2203 968 2268 Rhodios
982 2205 1142 2269 munerati
1157 2208 1233 2269 sunt
1243 2202 1284 2284 (V
1294 2199 1463 2289 90,1-2).

384 2306 557 2374 Miraberis
576 2309 716 2376 fortasse
734 2309 768 2375 in
787 2309 999 2394 inscriptione
1017 2310 1150 2376 honoris
1169 2332 1269 2376 causa
1286 2310 1320 2374 in
1334 2310 1464 2393 publico

294 2413 404 2498 posita
426 2406 589 2481 rationem
607 2416 696 2481 reddi
714 2439 782 2482 non
800 2439 910 2482 aarum
929 2439 1046 2502 rerum,
1066 2439 1146 2502 quas
1169 2416 1291 2502 singuli
1310 2416 1465 2499 dederint,

296 2521 351 2585 sed
376 2542 456 2606 quas
480 2543 514 2586 se
538 2522 671 2589 daturos
700 2546 771 2589 esse
797 2523 1021 2609 promiserint,
1045 2545 1091 2590 ex.
1116 2545 1164 2608 gr.
1182 2522 1213 2588 V
1233 2523 1335 2608 89,1:
1367 2521 1465 2606 ἐπηγ-

294 2629 426 2709 γείλατο
455 2623 493 2692 δὲ
518 2626 574 2693 καὶ
598 2632 805 2715 Πτολεμαῖος
827 2635 909 2714 κτλ,
933 2631 985 2714 89,
1001 2631 1034 2696 6:
1068 2625 1323 2713 Ἀντίγονος-
1348 2627 1465 2694 ἑκατὸν

296 2732 511 2816 ἐπηγγείλατο
543 2736 697 2802 τάλαντα.
744 2736 848 2812 Quam
880 2737 1115 2803 dubitationem
1149 2737 1312 2802 sublatum
1340 2736 1381 2800 iri
1414 2758 1464 2800 ex·

294 2841 405 2906 istimo
430 2841 495 2907 alio
520 2843 660 2926 quodam
683 2843 781 2908 titulo
804 2843 911 2909 Rhodi
934 2844 1076 2927 invento,
1100 2865 1164 2928 quo
1186 2844 1265 2908 item
1288 2864 1348 2926 pro
1372 2842 1464 2907 donis
1598 2897 1602 2902 .

295 2952 372 3030 post
386 2950 492 3012 terrae
503 2954 629 3013 motum
641 2948 800 3033 quendam
811 2949 896 3014 datis
908 2948 1033 3032 gratiae
1049 2953 1190 3034 aguntur
1200 2945 1466 3036 (Oth.9,3sq.),
1566 3009 1569 3013 .

295 3053 352 3118 ubi
376 3053 541 3119 simillima
574 3054 672 3119 verba
704 3060 802 3139 atque
835 3054 920 3137 apud
943 3053 1115 3138 Polybium
1147 3058 1222 3120 sunt
1249 3055 1342 3120 haec:
1374 3054 1464 3118 solda

296 3170 364 3224 τῶν
401 3159 578 3245 ἐρανιοτᾶν
611 3158 847 3244 ἕτανγείλαντο
880 3161 926 3237 είς
957 3161 1019 3225 τὰν
1051 3159 1275 3245 ἀνοικοδομολν
1307 3169 1367 3226 τοῦ
1397 3161 1465 3225 τοί-

295 3291 357 3354 χου
380 3272 448 3333 κτλ.
471 3266 526 3355 (cf.
550 3268 650 3333 etiam
674 3267 778 3334 Cth.
798 3269 873 3347 937,
888 3263 1013 3354 lsqq.).

258 3445 261 3448 ,
385 3374 460 3441 Una
482 3377 594 3440 tamen
612 3375 787 3441 difficultas
807 3397 908 3459 eaque
927 3397 1054 3440 summa
1072 3379 1175 3440 restat
1192 3375 1285 3441 haec:
1309 3375 1465 3460 Polybius

296 3485 469 3566 postquam
501 3495 603 3567 usque
636 3481 676 3545 ad
707 3504 831 3546 annum
863 3483 927 3546 217
960 3482 1132 3566 processit,
1164 3486 1270 3547 terrae
1303 3487 1394 3547 motu
1426 3481 1464 3546 ad

297 3592 437 3653 aetatem
460 3587 564 3653 multo
588 3588 729 3671 priorem
751 3586 858 3654 rediit.
893 3586 943 3653 De
966 3588 1037 3672 ipso
1058 3587 1146 3653 illius
1165 3588 1362 3654 calamitatis
1381 3609 1465 3654 anno

296 3695 357 3760 viri
376 3695 462 3760 docti
481 3691 720 3780 dissentiuntss).
744 3691 795 3758 Ne
814 3693 848 3758 in
868 3692 929 3758 hac
949 3695 1137 3778 quaestione
1157 3695 1329 3761 tractanda
1343 3696 1464 3760 multus

386 3925 413 3992 1)
430 3921 472 3976 De
490 3921 590 3976 eadem
608 3938 638 3976 re
656 3921 744 3998 etiam
762 3921 902 3977 Diodorus
921 3921 993 3976 dixit
1011 3921 1102 3977 XXVI
1116 3928 1141 3978 8.
1179 3921 1258 3987 Quod
1276 3921 1466 3992 fragmentum

296 4011 425 4081 quamvis
440 4010 626 4082 depravatum
644 4014 740 4067 tamen
759 4027 793 4066 ex
806 4009 925 4080 Polybio
939 4011 1137 4081 depromptum
1155 4026 1216 4066 esse
1230 4010 1349 4066 ¹ridetur.
1375 4008 1466 4064 Aliter

295 4101 422 4171 Droysen
450 4099 1016 4172 (91119111.Ηο11.ἸΠ2,179,οάο.1)
1043 4099 1198 4154 Diodorum
1224 4115 1282 4154 non
1307 4097 1465 4168 Polybium,

297 4190 347 4244 sed
366 4190 454 4244 ahum
472 4191 616 4244 auctorem
634 4188 726 4244 minus
745 4187 912 4258 diligentem
931 4192 1058 4244 secutum
1077 4204 1137 4243 esse
1157 4187 1274 4243 censuit.

386 4282 412 4350 2)
431 4277 599 4334 Gesohiohte
618 4277 667 4332 des
685 4276 887 4346 Hellenismus²
905 4277 943 4330 ΙΙΙ
958 4285 983 4346 2,
999 4285 1058 4347 179,
1078 4278 1142 4334 adn.
1159 4284 1183 4332 1.

387 4372 414 4444 3)
433 4367 473 4424 cf.
488 4366 639 4437 praecipue
649 4365 893 4444 Schneiderwirtb,
903 4365 1004 4424 Gesch.
1017 4383 1043 4421 v.
1053 4365 1177 4435 Rhodos,
1187 4384 1213 4436 p.
1225 4370 1333 4434 225sq,
1344 4365 1408 4419 adn.
1419 4369 1464 4434 4⁷3

298 4457 430 4529 Trauber,
450 4456 548 4513 (lesoh.
569 4456 595 4512 d.
614 4455 727 4525 Lykier,
745 4474 772 4525 p.
788 4461 847 4527 148,
866 4455 930 4512 adn.
945 4460 975 4524 43
995 4453 1087 4525 Holm,
1106 4453 1153 4510 Gr.
1168 4453 1268 4510 Gesch.
1281 4454 1321 4509 IV
1335 4458 1395 4508 354.
