3498 5202
728 355 948 423 „57-

253 517 514 604 quandoquidem
533 517 602 584 Pol.
616 517 694 610 XXI
707 517 795 604 48,8
814 515 851 583 ἐν
871 517 980 604 δωρεᾷ
999 517 1130 584 omnino
1148 540 1214 584 non
1232 517 1423 604 investigari

252 627 372 711 polest
407 623 523 709 Neque
543 625 646 691 altaro
665 624 747 706 looo,
766 623 834 690 Pol.
849 623 944 689 XXII
962 623 993 709 5,
1009 627 1039 710 l,
1058 646 1120 710 quo
1139 622 1177 690 ἐν
1196 626 1305 712 δωρεᾷ
1324 628 1424 708 extat,

252 731 419 797 vocabulis
447 731 513 796 illia
542 735 671 797 tantum
699 733 855 797 momenti
883 731 1006 810 tribuo,
1034 736 1192 816 quantum
1219 731 1362 797 Valeton
1390 734 1424 795 et

253 837 363 922 Scala3
394 859 498 922 neque
530 841 702 923 propterea
734 836 820 922 quod
853 837 939 922 apud
962 837 1133 922 Polybium
1157 837 1251 903 XXV
1267 837 1335 922 4‚5
1362 837 1424 903 οὐκ

254 943 291 1010 ἐν
315 945 425 1031 δωρεᾷ
449 944 579 1029 legitur,
602 966 640 1009 ea
664 945 762 1010 verba
786 945 909 1010 Zenoni
933 944 1166 1030 abrogaverim.

343 1049 433 1127 Quae
458 1050 676 1136 discrepantia
699 1073 767 1117 non
786 1051 924 1136 Polybio
944 1052 1167 1137 exprobranda
1191 1055 1250 1137 ast,
1267 1055 1423 1136 tanquam

253 1158 309 1224 illa
332 1157 439 1223 fontes
470 1157 615 1223 diversos
643 1161 764 1223 temera
792 1159 1031 1241 permiscuerit,
1065 1158 1122 1224 sed
1144 1158 1302 1224 Romanis
1334 1158 1424 1242 ipsis,

255 1264 311 1348 qui
335 1263 429 1329 dictis
449 1263 612 1350 ambiguis
636 1264 866 1330 inserviebant.
902 1265 953 1331 Ex
972 1265 1069 1330 rebus
1087 1263 1168 1351 ipsis
1188 1287 1235 1351 ea,
1254 1287 1336 1350 quae
1353 1287 1425 1350 pro·

254 1370 358 1455 posui,
374 1370 546 1455 perspicua
568 1371 648 1436 fient
655 1367 699 1459 1)ε
721 1370 841 1436 Rbodii
859 1371 946 1438 enim
965 1368 1050 1458 (Pol.
1062 1369 1157 1436 XXII
1169 1368 1206 1458 5)
1229 1371 1424 1438 aRomanis

253 1475 387 1561 Lyciam
410 1476 609 1562 petiverunt,
630 1476 767 1543 Ilienses
794 1499 854 1562 pro
878 1478 1053 1562 Lyciorum
1081 1478 1233 1544 libertate
1261 1477 1425 1562 deprecati

254 1587 339 1648 sunt.
385 1583 509 1661 Quibus
539 1584 636 1649 rebus
664 1585 804 1669 cognitis
827 1583 968 1650 Romani
995 1584 1030 1649 in
1052 1584 1168 1669 Lycios
1196 1606 1231 1650 sa
1257 1606 1324 1650 non
1351 1604 1425 1668 gra·
1536 1577 1540 1583 ’

254 1689 337 1756 viter
359 1689 640 1756 animadversuros
664 1712 735 1756 asse
759 1691 932 1758 Iliensibus
957 1692 1115 1774 dixerunt,
1137 1691 1273 1758 Rhodiis
1291 1689 1425 1775 Lyciam

254 1795 338 1862 dono
362 1798 528 1863 dederunt.
566 1795 673 1874 Quare
696 1798 725 1862 si
743 1797 885 1864 Valeton
908 1802 942 1863 et
961 1796 1057 1864 Scala
1080 1798 1142 1864 sibi
1167 1802 1314 1865 constare
1336 1799 1425 1864 volu-

254 1905 365 1989 issent,
386 1903 422 1968 in
446 1902 557 1970 eadem
579 1904 786 1990 paragrapho
810 1902 894 1991 (Pol.
914 1904 1010 1970 XXII
1028 1906 1059 1990 5,
1073 1906 1109 1991 4)
1133 1905 1306 1993 Polybium
1330 1904 1427 1970 simul

254 2009 388 2076 diversis
421 2010 567 2076 fontibus
595 2032 689 2075 usum
717 2032 788 2076 essa
817 2012 1010 2077 contendere
1041 2012 1210 2077 debebant
1256 2011 1426 2078 Discordia
1538 2071 1541 2078 .

252 2138 330 2182 vero
366 2118 451 2182 inter
483 2116 648 2182 Romanos
685 2121 719 2182 et
754 2117 901 2184 Rhodios
938 2121 1011 2183 orta
1040 2115 1126 2203 (Pol.
1144 2117 1236 2183 XXV
1254 2119 1285 2202 4,
1301 2115 1424 2204 7-10)

254 2226 385 2289 senatus
399 2223 557 2308 responsi,
571 2224 658 2308 quod
671 2222 808 2290 Rhodiis
828 2223 969 2308 dederat,
983 2224 1076 2310 quasi
1095 2224 1217 2290 oblitus
1232 2247 1271 2290 ea
1288 2229 1426 2302 tantum,

254 2352 335 2415 quae
363 2329 538 2396 Iliensibus
571 2329 780 2417 promiserat,
810 2331 967 2396 memoria
999 2327 1172 2416 tenebatl).
1218 2328 1323 2406 Quam
1354 2351 1425 2416 per·

253 2437 364 2503 fidiam
387 2440 420 2501 at
442 2436 600 2522 Polybius
629 2437 699 2523 ipse
730 2436 917 2523 indignatus
947 2441 1011 2516 est,
1039 2441 1073 2503 et
1094 2436 1214 2502 Rhodii
1245 2435 1423 2522 aegerrime

253 2544 400 2610 tulerunt
422 2540 504 2630 (Pol.
524 2543 617 2609 XXV
636 2544 666 2628 4,
681 2544 792 2630 6sqq,
815 2540 985 2632 5,1sqq.).

329 2811 379 2877 12.
414 2821 463 2878 De
486 2818 715 2890 temporibus,
738 2833 827 2890 quae
851 2819 942 2876 inter
963 2820 1094 2878 bellum
1118 2820 1293 2890 Syriacum
1316 2823 1351 2877 et

564 2925 824 2984 Macedonicum
846 2927 989 2984 tertium
1012 2930 1119 2984 erant.

343 3058 471 3145 Viginti
494 3059 561 3125 fere
585 3059 686 3144 annis,
711 3061 765 3146 qui
789 3061 911 3126 bellum
930 3058 1097 3145 Syriacum
1122 3062 1224 3127 secuti
1248 3065 1334 3146 suut,
1353 3084 1425 3127 cum

255 3165 293 3231 de
326 3150 442 3231 ceteris
475 3166 665 3232 civitatibus
698 3170 769 3232 tum
802 3166 840 3231 de
867 3166 984 3232 Rhodo
1012 3189 1176 3252 perpauca
1203 3168 1427 3254 comperimus,

257 3294 443 3358 quanquam
461 3272 599 3338 Rhodiis
618 3272 677 3338 illa
696 3276 802 3338 aetate
820 3273 887 3338 tria
904 3272 992 3338 bella
1011 3273 1206 3359 gravissima
1226 3295 1298 3338 oum
1316 3271 1426 3357 Lyciis

256 3382 288 3443 et
311 3377 448 3444 (laribus
471 3378 612 3464 gerenda
636 3376 769 3465 erantl).
815 3378 864 3443 De
888 3379 1005 3463 quibus
1034 3401 1116 3464 quaa
1144 3379 1229 3464 apud
1253 3378 1423 3464 Polybium

256 3489 289 3550 at
319 3484 448 3551 Livium
483 3486 564 3551 satis
597 3487 718 3552 multos
749 3509 808 3572 per
839 3486 941 3552 libros
979 3486 1124 3571 dispersa
1159 3486 1328 3572 leguntur,
1359 3485 1426 3550 iam

257 3592 414 3658 tractabo.

345 3694 380 3784 a)
403 3698 470 3764 Pol.
485 3697 581 3764 XXII
599 3699 629 3764 5.
667 3696 702 3764 Si
724 3721 790 3764 non
813 3701 922 3764 totum
944 3703 1051 3784 caput,
1069 3703 1106 3765 at
1124 3702 1209 3766 certa
1227 3721 1305 3784 pars
1324 3699 1427 3764 altera

256 3803 366 3892 (XXII
385 3805 415 3891 5,
429 3804 554 3891 5-10)
579 3805 719 3871 Zenonis
743 3810 803 3891 est,
827 3827 898 3870 cum
923 3809 1098 3891 auctorem,
1122 3827 1203 3892 quae
1227 3806 1272 3871 ibi
1295 3826 1426 3871 narran-

256 3913 325 3995 tur,
347 3911 455 3997 ipsum
478 3911 546 3977 suis
569 3911 671 3978 oculis
695 3933 804 3977 coram
831 3912 951 3977 vidisse
978 3911 1146 3996 probabile
1175 3912 1229 3978 sit.
1273 3911 1426 3997 Prytanis

257 4013 302 4104 (5,
319 4015 375 4103 10)
399 4022 432 4083 et
455 4018 517 4083 duo
541 4018 643 4104 legati
665 4017 865 4084 Rhodiorum
892 4017 936 4105 (5,
951 4017 987 4104 2)
1015 4018 1208 4084 nominatim
1233 4040 1426 4100 commemo·

347 4213 373 4281 1)
392 4211 432 4266 cf.
450 4195 583 4280 'menaea
602 4209 702 4267 dasch.
721 4210 747 4266 d.
767 4209 877 4280 rayner,
897 4228 923 4280 p.
939 4216 990 4266 ιω
1009 4213 1039 4266 es
1058 4217 1117 4266 εει.
1333 4282 1335 4286 ¹

348 4302 375 4370 2)
394 4299 454 4357 Pol.
469 4298 546 4354 XXV
560 4305 586 4370 4,
600 4304 631 4370 53
653 4298 709 4354 buo
727 4299 869 4368 quadrant
887 4299 961 4354 Livii
983 4300 1070 4356 verba
1093 4315 1127 4355 ex
1145 4299 1295 4356 annalibus
1313 4297 1425 4369 hausta,

183 4533 188 4542 ,
257 4387 318 4443 XLI
333 4393 428 4548 elide
447 4476 529 4535 bellis
547 4477 605 4534 illis
624 4476 722 4534 videas
740 4476 925 4549 appendicem
943 4484 968 4535 4.
