3498 5202
800 316 1045 401 ’-43-

351 497 550 584 paucissima
569 499 697 561 tantum
715 494 847 579 Polybii
865 494 1051 580 fragmenta
1070 496 1198 559 servata
1221 498 1312 582 sunt;
1334 495 1432 579 longe
1450 495 1523 578 plu-

351 605 435 670 rima
458 625 497 668 ex
519 602 611 667 Livio
634 602 798 667 discimus.

443 709 538 794 Apud
557 708 728 791 Polybium
747 707 826 772 XXI
842 710 871 790 7,
888 703 1005 793 1-41)
1030 707 1198 772 machinae
1215 706 1418 772 Rhodiorum
1441 707 1524 792 igni-

351 817 439 882 ferae
458 816 706 900 diligentissime
726 815 938 898 explicantur.
970 812 1059 889 Quae
1077 818 1187 878 tamen
1205 812 1327 878 Zenoni
1346 812 1523 878 attribuere

351 945 418 988 non
439 943 569 988 necesse
593 925 653 1005 est,
671 921 823 1006 quoniam
844 919 999 1003 Polybius
1022 921 1091 1004 ipse
1115 941 1169 984 eas
1192 920 1360 986 machinas
1383 919 1525 985 fortasse

351 1028 459 1093 Rhodi
478 1027 544 1092 suis
564 1026 666 1090 oculis
684 1025 835 1111 inspexit,
853 1024 1044 1109 praesertim
1063 1047 1136 1090 cum
1156 1026 1240 1090 tales
1259 1047 1311 1091 res
1331 1026 1523 1091 artificiosas

353 1135 382 1199 ei
404 1133 495 1199 cordi
517 1132 617 1198 fuisse
639 1135 752 1197 notum
776 1133 829 1198 sit.
867 1132 914 1196 At
936 1154 983 1216 ea,
1002 1153 1084 1216 quae
1103 1131 1142 1196 de
1164 1132 1303 1216 ingeniis
1324 1136 1356 1198 et
1379 1122 1524 1199 moribus

352 1238 576 1323 Pamphilidas
609 1241 641 1302 et
664 1237 858 1303 Pausistrati
881 1237 1084 1302 Rhodiorum
1112 1238 1315 1304 disseruntur
1344 1237 1427 1324 (Pol.
1445 1237 1524 1303 XXI

354 1342 442 1431 15),
466 1344 603 1410 Zenonis
627 1366 697 1409 esse
721 1344 788 1410 veri
812 1344 918 1408 simile
942 1344 1110 1428 concedes,
1135 1346 1347 1424 sententiam,
1370 1366 1452 1429 quae
1476 1367 1523 1410 se·

354 1453 462 1536 quitur
482 1450 574 1538 (XXI
595 1452 624 1535 7,
640 1449 751 1536 6-7),
775 1473 793 1514 a
812 1449 948 1535 Polybio
967 1450 1040 1534 ipso
1060 1450 1203 1515 additam
1223 1451 1317 1516 facile
1337 1444 1524 1536 cognosces.

353 1556 445 1621 Idem
478 1560 587 1622 autem
619 1557 853 1642 fragmentum,
881 1543 1026 1641 quamvis
1056 1556 1100 1620 sit
1132 1556 1242 1641 breve,
1270 1560 1380 1622 tamen
1413 1561 1524 1642 aperte

354 1685 426 1727 cum
457 1664 644 1728 narratione
673 1662 809 1728 Liviana
836 1659 1009 1749 (XXXVII
1031 1664 1080 1746 12,
1096 1659 1132 1750 9)
1161 1663 1337 1748 discrepat:
1369 1662 1524 1747 Polybius

354 1770 441 1833 enim
468 1767 685 1847 Pausistrato,
713 1769 786 1833 duci
815 1769 942 1851 audaci,
971 1769 1108 1852 opponit
1132 1768 1384 1854 Pamphilidam,
1412 1769 1525 1835 Livius

354 1870 578 1960 nudamuml).
616 1872 767 1958 Uterque,
791 1877 824 1937 et
846 1872 1070 1956 Pamphilidas
1094 1876 1127 1936 et
1149 1873 1326 1960 Eudamus,
1349 1897 1434 1941 anno
1460 1877 1525 1941 190

355 1981 439 2046 inter
461 1980 642 2065 praefectos
667 1979 781 2044 classis
799 1979 946 2044 Rhodiae
970 1977 1081 2065 crau).
1118 1979 1203 2044 Livii
1227 2003 1369 2046 errorem
1393 1981 1526 2046 subesse

356 2087 521 2170 existimo,
545 2108 618 2151 cum
641 2087 696 2150 ille
720 2085 818 2150 etiam
842 2082 961 2173 infra4)
989 2086 1068 2151 vitio
1099 2086 1266 2151 simillimo
1293 2087 1427 2153 nomina
1449 2109 1526 2153 con-

356 2193 484 2258 fuderit.
529 2193 602 2258 Huc
635 2192 772 2277 aceedit,
804 2192 888 2276 quod
921 2192 1104 2257 Eudamum
1137 2193 1241 2257 virum
1272 2192 1392 2259 fortem
1427 2197 1525 2279 atque

357 2301 555 2386 intrepidum
578 2299 678 2364 fuisse
702 2299 775 2364 aliis
799 2321 837 2364 ex
861 2299 941 2364 locis
965 2299 1173 2378 manifestum
1197 2297 1290 2381 estl).

254 2488 257 2498 ,
445 2405 614 2482 Quomodo
638 2405 750 2470 Livius
773 2405 965 2471 relationem
988 2403 1203 2489 Polybianam
1232 2404 1267 2470 in
1297 2407 1427 2471 brevius
1451 2428 1527 2472 con·

357 2513 507 2592 traxerit,
530 2513 612 2577 bene
635 2512 836 2597 intellegitur
861 2533 899 2576 ex
922 2511 1059 2595 Polybio
1082 2510 1161 2575 XXI
1182 2513 1232 2598 10,
1246 2510 1280 2576 5:
1317 2512 1352 2578 ol
1377 2507 1438 2596 plo
1462 2507 1525 2577 οὖν

354 2617 431 2706 περὶ
453 2621 513 2684 τὸν
535 2619 696 2703 Εὔδημον
718 2615 773 2684 καὶ
797 2619 1016 2702 Παμφιλίδαν
1043 2617 1105 2683 οὐκ
1132 2611 1300 2705 ἀλλότριοι
1329 2627 1388 2702 τῆς
1411 2619 1525 2683 διαλύ-

356 2741 440 2803 σεως
466 2721 567 2808 ἦσαν,
592 2725 709 2811 quibus
737 2725 845 2790 verbis
873 2725 960 2810 apud
981 2724 1110 2789 Livium
1139 2717 1217 2790 haec'
1241 2728 1370 2791 tantum
1393 2725 1526 2810 respon-

356 2832 433 2897 dent
455 2830 626 2918 (XXXVII
646 2831 760 2916 19,1):
792 2830 929 2896 ‘Rhodii
952 2831 1038 2896 haud
1063 2832 1230 2914 aspernari
1252 2831 1391 2916 paoem'.
1437 2830 1526 2907 Quae

357 2960 431 3004 cum
460 2939 508 3003 ita
538 2938 616 3022 sint,
647 2958 720 3001 cum
745 2935 1053 3022 Schweighaeusero
1077 2935 1162 3003 facio
1186 2937 1407 3023 fragmentum
1430 2936 1526 3022 Poly-

357 3045 490 3110 bianum
517 3045 580 3109 160
608 3044 649 3108 ad
676 3043 860 3109 Eudamum
893 3047 1038 3126 spectare
1071 3044 1298 3130 contendente,
1326 3045 1387 3109 etsi
1414 3043 1526 3110 Livius

357 3148 527 3239 (XXXVII
547 3151 589 3216 22
600 3145 684 3237 sqq.)
705 3151 773 3216 eius
792 3150 839 3214 rei
858 3151 1056 3216 mentionem
1074 3173 1141 3215 non
1160 3150 1248 3217 fecit.
1284 3151 1407 3215 Verum
1426 3152 1526 3216 etiam

357 3280 396 3322 ex
419 3257 510 3322 Livio
535 3258 606 3322 solo
635 3279 708 3323 eum
732 3258 889 3323 nonnulla
917 3256 1067 3323 omisisse
1091 3261 1240 3343 apparet3
1267 3279 1344 3322 nam
1368 3256 1525 3322 XXXVII

359 3365 439 3448 19,1
459 3364 609 3449 Romani,
622 3363 795 3448 Eumenes,
808 3362 928 3429 Rhodii
948 3364 1113 3429 coniuncti
1131 3367 1222 3450 sunt;
1240 3363 1355 3429 deinde
1369 3361 1527 3428 XXXVII

358 3471 444 3556 19,8
468 3470 607 3535 Romani
631 3475 663 3534 et
686 3469 847 3535 Eumenes
872 3469 1122 3555 Adramytteum
1145 3470 1312 3555 navigant,
1332 3468 1453 3534 Rhodii
1476 3469 1528 3534 de·

360 3579 448 3661 sunt;
471 3580 506 3640 at
528 3597 583 3641 eos
607 3599 671 3641 una
695 3576 796 3641 fuisse
815 3576 1021 3661 cognoscitur
1039 3598 1083 3664 ‚ex
1105 3574 1199 3642 Livio
1223 3577 1335 3642 eodem
1354 3572 1527 3661 (XXXVII

292 3748 294 3752 ,
358 3682 412 3765 21,
425 3680 470 3767 6),
490 3681 545 3767 qui
558 3681 728 3748 Romanos
747 3705 786 3746 ex
811 3683 921 3747 eadem
941 3683 1143 3767 expeditione
1162 3682 1298 3748 rediisse
1320 3685 1433 3747 narrat
1454 3703 1527 3747 cum

266 3782 288 3868 J
358 3789 502 3853 Eumene
521 3787 729 3873 RhodiIsque.
766 3787 912 3874 Denique
927 3789 1056 3854 Livium
1076 3789 1216 3854 auctoris
1236 3788 1286 3854 sui
1304 3786 1527 3853 narrationem

360 3894 599 3960 circumcidisse
622 3917 662 3961 ex
679 3895 750 3980 ipso
770 3893 943 3982 (XXXVII
960 3896 1009 3980 10,
1025 3892 1060 3981 1)
1079 3895 1293 3961 animadverti
1312 3917 1398 3960 reor:
1422 3893 1529 3977 ‘Poly-

449 4090 474 4157 1)
493 4086 533 4143 cf.
552 4086 611 4144 Iriv.
625 4087 754 4143 XXXVII
769 4094 812 4155 11,
828 4092 873 4155 13;
892 4086 964 4157 App.
984 4086 1029 4157 Sy.
1045 4093 1088 4143 24.

449 4179 476 4248 2)
496 4176 536 4234 Of.
556 4176 741 4247 appendicem
761 4183 809 4232 le.

449 4268 476 4336 3)
495 4266 554 4321 Pol.
570 4266 633 4319 XXI
649 4270 690 4334 ro,
705 4270 735 4333 53
754 4264 812 4319 Liv.
826 4265 955 4319 XXXVII
969 4270 1012 4334 aa,
1026 4271 1056 4334 33
1076 4271 1117 4333 aa,
1133 4271 1162 4335 a,
1182 4269 1225 4321 34.

448 4358 476 4425 4)
496 4354 535 4412 cf.
556 4354 741 4425 appendicem
761 4353 813 4408 1h.
1139 4375 1142 4381 ·

451 4446 481 4513 6)
498 4443 557 4500 Liv.
573 4443 701 4499 XXXVII
715 4449 758 4514 23,
774 4448 820 4512 1⁰3
840 4449 882 4511 24,
896 4450 926 4509 43
945 4449 988 4514 24,
1003 4448 1089 4512 baqq.
