3498 5202
736 366 954 432 ,51-

263 526 435 592 molestum
458 529 491 590 et
513 525 659 591 odiosum
684 531 747 610 est,
770 526 855 611 quod
879 524 1008 608 Polybii
1035 525 1137 608 ipsius
1161 525 1333 610 descriptio
1364 525 1431 591 lere

262 635 333 698 tota
354 630 465 717 periit,
488 632 641 716 quoniam
669 653 708 696 ex
731 631 918 716 Polybianis
941 629 1019 696 XXI
1039 633 1069 715 7,
1083 631 1169 696 5-7
1199 631 1328 699 collatis
1357 654 1429 698 cum

262 737 405 804 Livianis
446 733 604 803 XXXVII
624 739 712 824 12,9
754 739 820 803 iam
861 737 982 804 Nissen
1022 735 1067 823 (p.
1087 734 1165 824 190)
1207 736 1337 822 Polybii
1378 737 1430 802 de-

263 845 453 930 scriptiones
477 845 581 910 multo
606 845 803 929 copiosiores
832 844 933 910 fuisse
964 866 1022 910 sno
1051 844 1120 910 iure
1144 845 1310 911 conclusit.
1356 843 1430 910 Etsi

262 951 362 1037 igitur
385 951 469 1036 apud
488 951 614 1017 Livium
635 954 744 1036 paucis
769 951 914 1018 contenti
933 973 1003 1016 esse
1026 950 1189 1036 debemus,
1207 971 1290 1035 quae
1308 949 1431 1016 inserta

260 1061 351 1148 sunt,
380 1059 409 1123 si
439 1058 567 1124 occasio
597 1059 688 1142 tulit,
715 1061 863 1124 attamen
889 1058 941 1124 vel
969 1079 1009 1122 er
1035 1058 1146 1142 paucis
1174 1057 1241 1122 illis
1272 1056 1430 1142 imagines

263 1165 420 1249 quaedam
439 1164 677 1250 praefectorum
691 1153 894 1230 Rhodiorum
912 1163 946 1229 in
961 1164 1086 1229 animos
1105 1169 1235 1229 nostros
1255 1165 1432 1246 incurrunt,

226 1351 233 1364 ο
261 1270 294 1335 id
321 1271 406 1356 quod
434 1270 629 1336 Pausistrati
659 1272 808 1356 exemplo
841 1268 1114 1356 demonstrab01).
1160 1269 1236 1335 Fuit
1267 1269 1354 1334 enim
1381 1268 1432 1333 vir

262 1377 429 1462 superbus,
443 1377 547 1463 fortis,
562 1377 677 1458 audax,
696 1379 848 1444 diuturna
866 1377 1098 1445 consuetudine
1115 1376 1333 1462 peritissimus
1353 1375 1432 1441 belli

261 1484 400 1567 navalis,
422 1485 557 1551 idoneus
581 1485 621 1550 ad
645 1485 852 1571 imperatoris
876 1507 993 1550 munus
1017 1483 1319 1548 administrandum.
1343 1477 1346 1482 “

349 1590 478 1657 Proelia
500 1592 629 1657 navalia
652 1591 763 1658 eadem
786 1592 911 1657 ratione
940 1591 1154 1674 explicantur,
1178 1611 1275 1674 quam
1302 1590 1369 1654 iam
1397 1590 1432 1657 in

261 1717 371 1782 pugna
401 1696 441 1763 ad
472 1695 589 1764 Chium
622 1699 796 1764 commissa
825 1697 908 1781 (Pol.
926 1696 1006 1762 XVI
1025 1695 1138 1782 2sqq.)
1169 1696 1431 1762 observavimus:

263 1803 392 1889 saepius
416 1826 469 1870 ars
492 1826 577 1870 nora
600 1828 619 1870 a
642 1804 778 1871 Rhodiis
802 1805 884 1870 bene
907 1805 1041 1871 inventa
1064 1803 1285 1869 machinarum
1312 1802 1432 1889 ignife-

263 1932 373 1976 rarum
396 1908 648 1998 praedicatur²)3
677 1912 742 1977 alia
765 1933 892 1997 quoque
919 1911 1073 1976 instituta
1095 1910 1298 1976 Rhodiorum
1326 1910 1434 1995 expla-

261 2021 394 2102 nantur3
419 2018 518 2084 affero
541 2018 634 2084 haec:
662 2019 697 2083 in
719 2019 858 2084 navibus
881 2022 987 2084 turres
1011 2022 1117 2100 erant,
1144 2017 1319 2102 inquibus
1342 2038 1433 2103 prae-

261 2122 339 2189 fecti
363 2121 571 2212 steterunt⁸);
600 2125 801 2209 quinetiam
826 2125 864 2190 de
895 2125 999 2209 signis
1022 2124 1057 2188 in
1081 2124 1183 2189 classe
1205 2122 1334 2188 Rhodia
1362 2123 1432 2190 dari

263 2229 368 2295 solitis
393 2231 551 2316 quaedam
575 2231 790 2316 comperimus
820 2228 901 2318 (Liv.
920 2228 1079 2296 XXXVII
1097 2229 1150 2313 24,
1163 2225 1210 2314 4).
1256 2233 1432 2296 Auctorem

187 2415 189 2418 v
262 2336 424 2402 Rhodium
447 2335 562 2402 deinde
593 2358 632 2420 er
654 2337 836 2404 Phaselidis
864 2337 1081 2421 descriptione
1109 2334 1253 2401 dilucida
1275 2356 1431 2421 agnosces

263 2440 346 2527 (Liv.
363 2442 521 2508 XXXVII
539 2441 656 2530 23,1),
688 2466 752 2530 qua
788 2444 940 2510 omnibus
978 2465 1016 2509 ex
1048 2441 1163 2509 Oilieia
1199 2441 1431 2528 navigantibus
1545 2513 1552 2524 ‚

262 2550 356 2633 quasi
376 2549 512 2616 Rhodus
545 2550 616 2616 sola
642 2551 782 2635 petenda
809 2572 879 2616 esse
903 2550 1062 2634 videatur,
1086 2570 1271 2634 quanquam
1299 2549 1429 2633 quicun-

264 2677 326 2741 que
348 2657 382 2721 in
406 2655 575 2722 Graeciam
599 2657 708 2724 venire
732 2658 845 2743 voluit,
867 2679 906 2723 eo
929 2657 1045 2722 itinere
1069 2657 1117 2720 uti
1142 2655 1288 2720 debebat.

352 2760 524 2848 Scriptoris
547 2786 625 2829 usus
643 2764 690 2830 rei
713 2765 895 2830 maritimae
914 2763 1036 2848 optime
1055 2763 1261 2848 cognoscitur
1279 2763 1313 2827 in
1333 2763 1427 2828 moti-

263 2870 323 2935 bus
346 2870 478 2936 navium
502 2870 686 2956 explicatis3
710 2872 748 2936 de
772 2893 836 2957 qua
858 2893 893 2936 re
912 2893 984 2936 cum
1005 2870 1125 2936 multos
1145 2870 1227 2935 alios
1247 2871 1336 2936 locos
1360 2874 1431 2936 tum

263 2975 323 3041 hos
347 2976 508 3042 conferas:
526 2975 595 3043 Liv.
608 2977 767 3042 XXXVII
786 2979 838 3062 23,
853 2978 976 3064 8-11;
995 2978 1163 3062 24‚1-2;
1183 2977 1235 3062 29,
1250 2979 1347 3043 8-9.
1370 2976 1434 3043 Hic

263 3104 390 3167 quoque
417 3104 601 3169 pugnarum
634 3084 849 3170 singularium
882 3084 1011 3168 saepius
1044 3084 1166 3148 mentio
1199 3084 1249 3166 fit,
1280 3089 1318 3149 ut
1350 3081 1433 3171 (Liv.

263 3187 419 3253 XXXVII
441 3189 667 3276 11‚10-11):
700 3192 739 3256 de
763 3194 867 3256 morte
891 3189 1103 3275 Pausistrati3
1134 3188 1434 3277 (23,911124,4);

263 3294 420 3362 derebus
451 3298 492 3362 ab
516 3297 664 3362 Eudamo
693 3298 810 3383 gestis3
833 3294 901 3384 (24,
916 3294 963 3383 3):
998 3297 1037 3362 de
1069 3295 1196 3381 hepteri
1219 3293 1353 3380 Syriaca
1379 3297 1434 3361 de-

263 3422 382 3486 mersa3
400 3398 469 3488 (30,
482 3404 593 3470 9--10
608 3408 641 3469 et
654 3403 740 3489 App.
755 3401 807 3488 Sy.
823 3401 896 3490 27):
915 3403 954 3467 de
973 3403 1048 3467 navi
1062 3401 1190 3468 Rhodia
1209 3424 1283 3467 cum
1300 3401 1433 3468 Sidonia

263 3511 440 3593 pugnante.

354 3612 489 3700 Saepius
527 3621 640 3682 auctor
671 3617 832 3701 Rhodios,
869 3620 986 3683 nautas
1022 3617 1337 3702 praestantissimos,
1374 3639 1434 3682 usu

264 3719 427 3786 mantimo
450 3721 615 3806 praeditos
638 3723 789 3790 laudibus
813 3724 991 3789 celebravit
1009 3720 1062 3808 (of.
1077 3722 1147 3788 Liv.
1161 3721 1319 3788 XXXVII
1333 3724 1385 3806 24,
1402 3725 1434 3810 13

263 3825 316 3906 29,
330 3825 375 3912 9).
420 3826 492 3894 Hoc
520 3850 596 3894 vero
621 3829 748 3914 dubito,
773 3829 1033 3896 aestimaveritne
1056 3828 1165 3895 Zenon
1194 3830 1346 3895 virtutem
1368 3828 1435 3894 Ro·

263 3960 475 3972 --.....—-.

353 4039 380 4107 1)
399 4037 439 4093 ef.
464 4037 523 4095 Liv.
539 4038 667 4093 XXXVII
683 4045 725 4108 10,
740 4045 769 4108 23
799 4045 1010 4110 11,1;11,11;
1040 4045 1126 4109 12‚9;
1153 4038 1226 4109 App.
1246 4039 1290 4108 Sy.
1306 4045 1354 4107 243
1379 4038 1434 4093 for·

263 4125 339 4179 tasse
362 4124 450 4180 etiam
468 4126 571 4182 Suidae
594 4128 785 4198 fragmentum
807 4146 829 4183 s.
843 4147 869 4184 v.
889 4124 1033 4199 ἐξέστηκε,
1052 4128 1109 4182 vid.
1128 4126 1165 4183 M.
1185 4126 1316 4200 Mueller,
1334 4127 1432 4182 Jahrb.

263 4211 282 4266 f.
301 4212 403 4288 Pnssol.
423 4220 492 4271 ress
510 4234 537 4286 p.
553 4222 612 4271 392.

352 4304 379 4373 2)
397 4302 456 4359 Pol.
471 4303 536 4358 XXI
550 4312 575 4374 7,
591 4311 671 4373 1—43
700 4304 759 4361 Liv.
773 4305 903 4359 XXXVII
918 4312 959 4376 11,
977 4313 1022 4375 13;
1042 4313 1086 4376 30,
1101 4312 1201 4375 3sqq.;
1230 4306 1303 4375 App.
1324 4303 1370 4374 Sy.
1389 4309 1432 4359 24.

266 4389 305 4446 cf.
325 4391 427 4447 Nissen
445 4411 472 4462 p.
489 4399 548 4449 190.

352 4482 380 4556 3)
398 4480 458 4536 Liv.
473 4481 601 4535 XXXVII
616 4488 658 4551 24,
673 4490 703 4551 63
722 4483 757 4538 cf.
777 4482 864 4537 etlam
882 4483 941 4538 Pol.
956 4483 1020 4537 XVI
1035 4491 1060 4553 3,
1075 4490 1116 4539 12.

1185 4571 1222 4626 4*
