3498 5202
733 375 956 438 „17-

258 537 356 601 tertio
380 536 453 601 loco
476 533 641 619 Polybius,
665 555 737 599 curn
757 533 864 598 Rhodi
888 537 982 617 esset,
1005 555 1062 616 per
1086 533 1248 618 colloquia
1271 533 1311 598 de
1334 534 1429 599 rebus

259 643 432 727 permultis
452 641 628 725 exquisivit
646 644 742 725 atque
762 641 947 706 sciscitatus
967 643 1027 726 est,
1046 662 1128 726 quae
1146 641 1209 724 ipsi
1229 643 1312 706 scitu
1331 641 1431 726 digna

260 749 456 815 viderentur.
501 747 596 812 Hunc
619 748 751 812 tertium
781 752 890 812 autem
917 747 1043 812 fontem
1071 747 1125 811 vix
1151 770 1289 834 usquam
1319 751 1429 832 aperte
1552 813 1554 816 .

261 878 431 940 apparere,
459 859 495 920 ut
523 878 542 919 a
568 854 733 938 prioribus
762 853 889 938 seiungi
912 855 1028 938 possit,
1055 853 1171 918 iudico.
1216 854 1288 919 Hoc
1319 859 1430 919 tamen

259 963 427 1027 nonnullis
450 962 530 1028 locis
555 962 733 1048 continget,
756 964 793 1026 ut
817 960 1000 1045 indagetur,
1020 961 1075 1025 ubi
1099 960 1237 1026 Zenonis
1260 960 1354 1044 libro,
1373 961 1430 1025 ubi

259 1069 381 1134 tabulis
405 1069 543 1153 publicis
567 1069 722 1152 Polybius
746 1091 823 1133 usus
841 1069 900 1149 sit.

298 1174 300 1179 ’
348 1175 417 1240 Iam
442 1175 481 1239 ad
506 1175 635 1259 singula
658 1175 879 1260 procedamus.

821 1517 868 1589 ΙΙ.

344 1694 411 1767 ue
438 1691 643 1766 sonuum
669 1693 958 1768 Rhosiorum
985 1694 1195 1789 reliquus
1223 1675 1347 1791 apua

625 1817 875 1916 Polybium
903 1819 1059 1895 obviis.

683 2032 711 2094 1.
746 2040 848 2096 Libro
872 2042 1005 2110 quarto.

346 2189 384 2254 In
404 2189 498 2254 libris
512 2188 703 2274 Polybianis
717 2188 828 2254 Ι-ΙΠ
845 2190 970 2255 frustra
989 2190 1132 2255 auctoris
1145 2188 1270 2255 Rhodii
1288 2189 1429 2275 vestigia

260 2296 446 2379 sectaberis,
470 2297 624 2382 quoniam
653 2297 699 2360 eis
727 2318 779 2361 res
807 2297 978 2382 praecipue
1007 2298 1048 2362 ab
1071 2296 1229 2362 Romanis
1253 2300 1287 2360 et
1309 2295 1429 2360 Poenis

263 2406 373 2488 gestae
406 2407 621 2488 exponuntur.
671 2403 786 2479 Quarti
818 2427 894 2470 vero
929 2403 1021 2488 libri,
1054 2425 1117 2488 quo
1159 2406 1272 2468 auctor
1305 2403 1345 2468 ad
1377 2424 1430 2468 res

261 2507 402 2576 Graecas
426 2532 461 2575 se
484 2511 596 2594 vertit,
618 2533 685 2576 non
708 2512 859 2595 exiguam
886 2505 1027 2595 partem
1042 2505 1190 2574 ¹fontibus
1214 2509 1352 2576 Rhodiis
1377 2508 1430 2573 de·

193 2657 195 2662 .
260 2616 330 2680 beri
353 2616 435 2681 mihi
458 2618 587 2702 quidem
610 2640 802 2702 persuasum
832 2621 894 2702 est,
917 2640 1102 2702 quanquam
1129 2617 1293 2682 neminem
1324 2616 1431 2682 adhuc

261 2721 323 2788 hoc
347 2724 500 2788 statuisse
523 2724 671 2790 concedo.

350 2829 431 2895 Post
449 2831 614 2897 exordium
635 2829 698 2920 (IV
715 2834 815 2918 1-2)
836 2832 976 2917 scriptor
994 2832 1033 2896 de
1053 2832 1159 2896 causis
1179 2835 1212 2896 et
1226 2831 1322 2896 initio
1343 2831 1438 2915 belli,

261 2936 346 3021 quod
366 2935 477 3002 dicunt
501 2939 676 3021 sociorum,
699 2940 734 3002 in
757 2937 893 3004 Graecia
916 2939 1002 3022 gesti
1025 2939 1180 3004 disseruit
1207 2934 1271 3025 (IV
1292 2935 1457 3023 3-37):‘
1565 2962 1575 3035 ζ

259 3043 390 3109 tandem
416 3044 525 3108 omnia
548 3045 589 3108 ad
612 3048 777 3110 certamen
799 3045 921 3110 iustum
939 3045 1057 3130 parata
1075 3049 1162 3110 sunt:
1185 3044 1355 3129 Philippus
1375 3065 1431 3107 rex

261 3171 380 3235 magno
405 3171 478 3216 cum
501 3152 644 3217 exercitu
671 3151 951 3238 phalangitarum,
974 3152 1202 3235 peltastarum,
1226 3153 1372 3236 equitum
1395 3151 1430 3215 in

261 3253 431 3322 Graeciam
458 3258 686 3342 proficiscitur,
709 3280 782 3324 cum
812 3262 944 3342 repente
967 3256 1125 3342 Polybius
1149 3258 1218 3321 sine
1241 3257 1309 3321 ulla
1332 3279 1430 3321 causa

263 3363 436 3428 manifesta
454 3365 651 3430 narrationis
670 3366 768 3429 finem
786 3365 866 3429 facit
887 3363 977 3428 hisce
997 3363 1103 3428 verbis
1123 3363 1214 3427 miris
1235 3360 1299 3447 (IV
1314 3359 1430 3448 37,8):

261 3476 363 3533 ταῦτα
392 3467 453 3554 μὲν
483 3465 546 3535 οὖν
575 3469 691 3536 ἅπαντ’
721 3466 765 3555 ἦν
796 3470 831 3536 ἐν
858 3471 1025 3546 τοιαύταις
1053 3469 1222 3553 ἐπιβολαῖς
1248 3466 1304 3533 καὶ
1326 3489 1430 3552 παρα-

262 3586 406 3653 σκευαῖς·
435 3578 517 3641 κατὰ
547 3575 584 3642 dl
611 3581 690 3654 τοὺς
716 3563 838 3655 αὐτοὺς
863 3581 1000 3662 καιροὺς
1025 3575 1202 3660 ἐξήνεγκαν
1221 3573 1342 3640 Ῥόδιοι
1364 3577 1430 3638 Βυ-

222 3689 228 3697 '
262 3683 402 3760 ζαντίοις
424 3686 570 3768 πόλεμον
601 3685 656 3750 διά
683 3708 777 3762 τινας
802 3686 958 3761 τοιαύτας
985 3684 1105 3767 αἰτίας,
1135 3688 1231 3767 atque
1260 3682 1318 3766 eis,
1347 3702 1429 3765 quae

261 3793 447 3876 sequuntur,
465 3790 588 3855 bellum
608 3814 628 3855 a
645 3791 783 3857 Rhodiis
802 3796 836 3856 et
853 3789 970 3856 Prusia
987 3811 1064 3876 rege
1085 3789 1239 3855 advorsus
1252 3787 1430 3872 Byzantios
1452 3865 1453 3868 Ἴ

261 3899 388 3978 gestum
421 3899 552 3961 enarrat
584 3896 698 3962 sociali
730 3897 818 3962 bello
850 3898 945 3982 plane
977 3899 1135 3982 neglecto.
1180 3895 1315 3961 Accedit
1345 3894 1430 3978 quod

261 3998 417 4084 Polybius
441 4002 526 4068 bello
551 4004 712 4069 sociorum
736 4005 801 4068 iam
821 4004 860 4068 ad
879 4005 1043 4069 ineuntem
1065 4025 1185 4068 annum
1204 4003 1268 4068 219
1294 4001 1430 4066 deducto

263 4105 479 4194 descriptione
497 4110 573 4176 belli
591 4100 795 4176 Rhodiorum
814 4114 846 4174 et
864 4109 1095 4196 Byzantiorum
1113 4111 1231 4175 iterum
1251 4107 1291 4173 ad
1310 4129 1430 4173 annum

262 4213 327 4279 220
359 4212 498 4303 rediit1).
545 4216 631 4294 Quin
664 4217 763 4282 etiam
796 4215 968 4316 Polybium
1004 4217 1111 4303 ipsum
1143 4218 1203 4283 illo
1236 4213 1430 4299 interposito

351 4411 377 4477 1)
395 4408 511 4463 Initium
528 4409 612 4463 huius
630 4410 701 4464 belli
719 4412 785 4464 ante
805 4427 909 4463 annum
928 4415 979 4463 219
997 4410 1158 4478 ponendum
1177 4425 1238 4463 esse
1256 4408 1315 4462 fere
1334 4422 1429 4460 omnes

263 4495 318 4550 viri
337 4497 414 4551 docti
432 4500 624 4554 consentiunt:
644 4497 893 4568 Schweighaeuser
911 4503 939 4553 et
952 4499 1073 4553 Hultsch
1090 4498 1121 4551 in
1134 4499 1208 4552 notis
1226 4495 1431 4566 marginalibus

313 4596 442 4651 Ullrich,
456 4599 572 4649 Polybius.
748 4658 750 4661 Ι
1254 4593 1269 4638 2
