3498 5202
784 1288 868 1361 ⁴1.

267 1486 333 1559 De
360 1483 640 1560 Antisthene
673 1486 719 1558 et
745 1485 935 1580 Zenone,
967 1505 1124 1560 rerum
1151 1483 1437 1559 Rhodiarum

698 1608 1009 1705 scriptoribus

676 1981 704 2043 1.
740 1988 790 2045 De
813 1987 1024 2045 Antisthene.

354 2139 568 2206 Antisthenes
590 2139 736 2205 Rhodius
759 2139 810 2204 bis
835 2139 1088 2224 ascriptoribus
1113 2139 1277 2205 veteribus
1301 2160 1437 2205 comme·

265 2250 423 2338 moratur:
451 2245 581 2312 uberius
611 2269 630 2310 a
657 2245 794 2330 Polybio
824 2245 916 2331 (XVI
936 2247 978 2311 14
988 2245 1084 2331 sqq.),
1112 2268 1177 2312 uns
1206 2268 1279 2311 cum
1307 2245 1434 2311 Zenone

265 2354 343 2418 item
361 2351 503 2436 Rhodio,
523 2353 652 2418 brevius
672 2351 835 2418 aLaertio
850 2353 997 2439 Diogene
1012 2350 1075 2440 (VI
1091 2353 1158 2440 19),
1176 2353 1241 2438 qui,
1260 2357 1435 2437 postquam

268 2458 307 2524 de
326 2457 523 2536 Antisthene
541 2458 737 2544 philosopho
757 2459 871 2545 cynico
890 2460 967 2546 egit,
985 2460 1075 2524 hisce
1094 2459 1249 2544 perrexit:
1276 2461 1434 2543 γεγόνασι

266 2561 303 2630 dd
339 2561 394 2630 καὶ
430 2565 524 2630 ἄλλοι
560 2562 780 2643 Αντισθένεις
815 2577 917 2650 τρεῖς,
946 2564 1188 2650 Ἡρακλείτειος
1224 2558 1288 2651 εἷς,
1323 2565 1434 2653 ἕτερος

261 2666 429 2757 Ἐφέσιος,
451 2669 506 2737 καὶ
522 2667 648 2749 Ῥόδιός
669 2694 720 2749 τις
744 2673 915 2759 ἱστορικός.
962 2673 1086 2750 Quibus
1118 2695 1156 2739 ex
1181 2673 1288 2739 verbis
1311 2674 1435 2758 paucis-

265 2780 357 2843 simis
382 2801 454 2844 cum
477 2779 545 2846 fere
568 2779 651 2846 nihil
673 2780 750 2845 novi
773 2780 943 2864 lucremur,
964 2780 997 2845 in
1017 2778 1208 2865 Polybianis
1232 2781 1434 2866 acquiescen-

126 2915 132 2926 ·
264 2885 340 2951 dum
364 2890 422 2951 est.

244 3059 247 3064 .
353 2992 402 3058 Ac
416 2992 557 3077 primum
572 2992 700 3078 quidem
721 2997 811 3060 aetas
826 2993 1032 3059 Antisthenis
1047 3016 1084 3059 ex
1102 2994 1237 3079 Polybio
1252 2992 1331 3059 XVI
1349 2995 1398 3078 14,
1413 2995 1433 3060 3

263 3099 478 3186 cognoscitur,
488 3101 543 3185 qui
557 3099 652 3164 illum
666 3100 750 3165 hanc
765 3099 938 3184 praecipue
954 3100 995 3165 ob
1011 3122 1142 3166 causam
1158 3104 1271 3183 aptum
1286 3100 1378 3166 duxit
1394 3101 1434 3165 sd

263 3207 383 3272 bellum
406 3205 608 3271 Rhodiorum
632 3228 705 3272 eum
729 3206 880 3290 Philippo
904 3226 981 3291 rege
1005 3212 1133 3289 gestum
1156 3206 1433 3291 conscribendum,

263 3313 350 3399 quod
373 3311 492 3377 eisdem
516 3312 717 3397 temporibus
741 3312 884 3377 vixisset.
930 3313 1025 3376 Anno
1050 3334 1075 3375 a.
1097 3309 1171 3396 chr,
1194 3333 1224 3376 n.
1244 3311 1309 3377 201
1332 3313 1434 3397 igitur

263 3419 478 3484 Antisthenes
507 3420 614 3484 aetate
645 3417 755 3483 adulta
781 3417 845 3482 fuit
873 3417 1037 3501 praeditus
1065 3416 1220 3482 facultate
1243 3439 1294 3483 res
1324 3422 1433 3504 gestas

263 3526 345 3591 bene
372 3523 600 3610 perspiciendi;
634 3545 705 3588 eum
734 3525 833 3590 etiarn
861 3524 949 3588 ultra
976 3522 1070 3588 illum
1099 3545 1218 3588 annum
1243 3524 1309 3590 vita
1338 3547 1432 3590 usum

263 3653 332 3697 esse
369 3629 444 3696 inde
482 3633 636 3724 appcret,
670 3631 757 3717 quod
796 3630 968 3696 historiam
1005 3632 1074 3696 eius
1117 3633 1236 3697 aetatis
1279 3632 1432 3716 scriptam

263 3739 371 3804 edidit.

335 3843 580 3909 Antisthenen
603 3843 710 3910 Rhodi
732 3844 768 3908 in
790 3844 948 3910 nobilium
972 3844 1092 3910 civium
1114 3866 1249 3911 numero
1273 3845 1373 3911 fuisse
1393 3868 1432 3911 ex

261 3948 532 4036 P01.XV114,3
556 3954 590 4015 et
614 3951 664 4036 14,
680 3949 779 4035 8sqq.
803 3950 935 4035 dilucet,
963 3973 1035 4016 cum
1059 3951 1214 4037 Polybius
1239 3974 1311 4017 eum
1339 3951 1432 4018 inre

262 4059 393 4144 publica
411 4056 668 4123 administranda
688 4061 850 4123 versatum
868 4079 935 4123 non
953 4057 1109 4123 mercedis
1129 4058 1184 4123 sed
1204 4058 1309 4124 laudis
1324 4060 1431 4145 gratia

261 4165 417 4231 historiae
437 4164 677 4248 componendae
696 4185 830 4248 operam
848 4163 973 4229 dedisse
993 4164 1088 4229 diost.
1111 4163 1184 4230 Huc
1203 4165 1326 4230 accedit
1345 4166 1430 4251 quod

263 4269 419 4354 Polybius
443 4270 671 4338 Antisthenen
704 4291 781 4336 sane
811 4270 934 4335 urbane
962 4274 996 4335 et
1022 4270 1207 4336 humaniter
1234 4269 1430 4358 tractavit¹),

353 4500 379 4568 1)
398 4497 438 4553 of.
458 4497 607 4568 automni,
627 4468 726 4554 cestu.
746 4497 773 4555 u.
792 4497 935 4554 alexandr.
954 4496 1031 4575 nuc,
1049 4497 1076 4552 n
1093 4485 1149 4552 nc·
1162 4497 1226 4553 an.
1243 4503 1302 4553 121.
