3498 5202
834 310 1053 375 „30-

360 468 582 554 Syriacarum,
604 469 800 552 praesertim
823 490 896 534 cum
920 470 1060 554 scriptor
1087 469 1122 533 in
1149 469 1217 534 illis
1247 469 1354 553 operis
1383 470 1530 554 partibus

360 576 399 640 de
422 575 609 641 auctoribus
634 575 710 660 suis,
733 578 889 659 quantum
913 596 973 640 nos
997 575 1126 657 scimus,
1150 597 1284 660 prorsus
1307 578 1424 640 taceat.

449 682 596 747 Primum
629 685 737 747 autem
767 681 830 746 hoc
861 681 1078 766 suspicionem
1106 685 1229 761 movet,
1256 681 1342 766 quod
1367 681 1530 768 Polybius,

361 811 433 854 cum
462 789 572 854 nullus
602 788 734 854 omnino
763 789 903 873 scriptor
930 810 1037 854 rerum
1065 788 1155 854 illius
1183 786 1306 854 Achaei
1333 789 1530 854 mentionem

359 895 493 980 faceret,
534 895 646 960 multis
688 895 771 981 locis
812 893 974 960 uberrime
1015 895 1084 961 eius
1125 917 1177 960 res
1214 899 1324 980 gestas
1362 894 1532 980 descripsit

360 1007 456 1086 atque
480 1002 573 1087 quasi
597 1023 707 1067 amore
740 1001 879 1086 quodam
908 1006 1074 1086 permotus
1102 1002 1267 1068 fortunam
1295 1002 1431 1067 fatalem
1458 1023 1530 1068 con·

361 1113 495 1194 quastus
519 1112 569 1174 est
578 1107 614 1194 ¹).

451 1213 485 1279 Si
507 1215 631 1299 omnia,
656 1237 738 1299 quae
762 1215 801 1279 de
825 1214 955 1280 Achaeo
980 1220 1069 1298 sunt,
1092 1216 1242 1299 deinceps
1265 1214 1397 1301 legeris,
1424 1217 1532 1298 poste·

360 1321 501 1386 rioribus
520 1321 727 1406 potissimum
745 1321 893 1405 partibus
914 1320 991 1407 (VII
1007 1321 1154 1407 15-185
1166 1321 1249 1387 VIII
1265 1319 1421 1408 17-23),
1437 1321 1531 1405 Poly-

360 1427 459 1511 bium,
484 1428 681 1512 scriptorem·
700 1427 793 1492 illum
817 1427 963 1493 sobrium
986 1433 1019 1493 at
1043 1429 1173 1512 siccum,
1197 1428 1251 1493 vix
1275 1449 1442 1514 agnosces,
1460 1450 1530 1492 cum

360 1535 439 1600 illae
462 1535 500 1600 de
523 1534 655 1599 Achaeo
679 1534 1021 1618 digressionesvariis
1050 1534 1226 1600 luminibus
1255 1534 1458 1599 describendi
1482 1556 1532 1599 cr-

361 1645 458 1705 natae
481 1641 670 1706 fervidiores
695 1641 774 1725 sint,
802 1662 898 1725 quam
928 1660 1010 1723 quae
1033 1639 1163 1724 Pclyhii
1186 1663 1256 1706 esse
1279 1640 1464 1724 videantur;
1496 1645 1531 1704 ut

363 1747 509 1830 exempla
525 1746 668 1829 afferam,
681 1747 772 1832 legas
782 1745 847 1810 VlI
865 1747 914 1830 11,
924 1748 959 1830 43
974 1745 1056 1811 VIII
1070 1747 1152 1830 21,7
1170 1768 1252 1831 sqq.;
1267 1747 1365 1833 22,33
1380 1746 1459 1831 22,ss
1471 1768 1531 1830 sqq

362 1854 416 1937 23,
429 1854 465 1937 43
489 1855 586 1937 atque
610 1853 779 1918 miraberis
804 1852 939 1916 eundem
958 1851 1151 1936 scriptorem
1171 1857 1267 1918 antea
1286 1851 1334 1936 (II
1353 1854 1406 1938 56,
1421 1855 1439 1918 7
1452 1851 1531 1938 sqq.)

361 1957 548 2044 Phylarcho
568 1959 744 2043 opprobrio
764 1958 899 2043 dedisse,
918 1958 1004 2043 quod
1028 1961 1116 2024 velut
1138 1964 1235 2044 poeta
1254 1959 1402 2026 homines
1421 1960 1534 2025 flentes

365 2068 399 2129 et
417 2066 633 2131 lamentantes
652 2065 825 2150 induxerit,
843 2065 897 2130 hic
915 2087 991 2130 vero
1011 2066 1147 2131 eundem
1166 2087 1270 2150 paene
1289 2065 1400 2131 eadem
1419 2066 1532 2131 facere.

362 2168 479 2256 Quare,
499 2172 528 2237 si
550 2171 631 2238 haec
650 2172 771 2238 omisso
796 2172 937 2237 auctoris
959 2172 1090 2238 nomine
1108 2174 1242 2259 legeres,
1261 2174 1370 2257 potius
1388 2172 1533 2238 fabulam

362 2279 487 2360 fictam,
520 2301 617 2363 quam
647 2283 773 2365 partem
801 2280 959 2346 historiae
987 2279 1185 2364 Polybianae
1217 2301 1287 2346 erse
1316 2279 1534 2364 suspicareris.

364 2384 499 2472 Saepius
515 2391 629 2451 auctor
650 2407 793 2450 amorem
813 2389 846 2450 et
865 2385 1120 2451 misericordiam
1134 2386 1265 2452 lectoris
1280 2408 1358 2472 erga
1368 2387 1532 2452 Achaeum

364 2494 505 2559 excitare
529 2493 662 2576 studuit,
686 2515 707 2556 u
746 2514 794 2557 ex.
812 2512 859 2576 gr.
878 2491 927 2556 IV
945 2493 997 2577 48,
1011 2493 1031 2556 9
1047 2514 1118 2578 sqq.
1162 2491 1385 2559 Defectionem
1416 2493 1485 2558 aius
1514 2514 1533 2557 a

363 2620 440 2683 rege
465 2597 576 2683 Syriae
599 2598 706 2664 verbis
730 2597 854 2663 decoris
880 2597 1035 2663 obvolvit.
1078 2598 1167 2674 Quae
1191 2598 1300 2663 omnia
1323 2619 1361 2663 eo
1384 2598 1457 2682 plus
1481 2598 1533 2662 ad·

364 2705 548 2771 mirationis
581 2704 700 2770 habere
738 2705 820 2769 mihi
853 2705 1016 2787 videntur,
1049 2704 1126 2788 quia
1157 2702 1313 2789 Polybius
1346 2727 1384 2770 ea
1415 2704 1535 2789 multis,

365 2810 573 2895 septuaginta
604 2810 685 2894 fere,
712 2812 806 2875 anuis
835 2814 1009 2894 postquam
1037 2813 1130 2894 gesta
1158 2815 1264 2894 erant,
1288 2810 1425 2895 scripsit
1471 2809 1535 2878 Cur

365 2921 478 2983 auctor
505 2915 611 2981 studio
640 2920 708 2981 tam
737 2916 918 2981 vehementi
946 2916 1167 2981 inflammatus
1199 2917 1241 2981 sit
1268 2917 1423 3001 principis
1456 2918 1535 2982 iam·

365 3023 484 3088 dudum
508 3024 638 3108 mortui,
657 3023 709 3088 cui
732 3024 822 3088 nulla
846 3023 990 3088 amicitia
1013 3044 1087 3088 cum
1106 3023 1245 3088 Achaeis
1269 3023 1384 3108 fuerat,
1403 3045 1534 3108 prorsus

364 3130 564 3216 ignoramus.

453 3236 568 3321 Itaque
592 3237 796 3303 dubitatione
819 3259 935 3303 vacare
958 3259 1042 3322 reor,
1061 3237 1138 3322 quin
1159 3258 1198 3301 ea
1220 3238 1365 3302 narratio
1389 3237 1428 3302 de
1448 3241 1534 3303 sorte

365 3344 489 3410 Achaei
523 3367 562 3409 ex
593 3345 702 3429 aliquo
729 3345 821 3410 fonte
855 3344 890 3408 in
917 3343 1045 3427 Polybii
1076 3343 1178 3408 libros
1210 3342 1386 3409 transierit
1432 3342 1534 3420 Quem

364 3451 489 3517 fontem
513 3452 659 3536 quamvis
685 3452 810 3516 occulte
833 3454 943 3515 tamen
968 3449 1144 3537 significari
1168 3455 1257 3534 puto.
1294 3448 1428 3515 Ultimis
1450 3451 1534 3514 enim

365 3559 400 3622 in
421 3553 545 3622 Achaei
568 3559 665 3622 rebus
690 3558 752 3622 duc
777 3558 837 3620 viri
859 3557 966 3622 locum
989 3558 1202 3642 principalem
1226 3558 1448 3640 obtinuerunt,
1470 3554 1534 3620 Me

365 3664 533 3728 lancomas
551 3662 713 3747 Ephesius
738 3667 771 3728 et
789 3662 1009 3729 Nicomachus
1032 3662 1190 3748 Rhodius,
1213 3663 1268 3749 qui
1286 3662 1418 3729 Achaeo
1442 3661 1534 3728 fami-

365 3771 490 3835 liariter
502 3770 679 3835 utebantur
694 3767 789 3855 (VIII
805 3771 856 3855 17,
871 3767 921 3856 9);
941 3768 1088 3835 Sosibius
1109 3775 1217 3836 autem
1231 3771 1413 3855 Aegyptius
1428 3767 1535 3834 Bolidi

367 3875 465 3960 Oreti,
487 3899 544 3961 per
567 3899 661 3962 quem
685 3876 817 3943 Achaeo
842 3875 997 3941 Sardibus
1021 3878 1146 3942 incluso
1171 3878 1308 3942 salutem
1333 3876 1447 3942 afferre
1471 3878 1535 3940 stu-

252 4060 259 4076 .
366 3984 470 4068 deret,
496 3984 639 4068 primum
666 3985 795 4069 quidem
822 3983 948 4048 litteras
978 3984 1079 4067 dedit,
1106 3983 1224 4068 quibus
1252 3982 1475 4049 Melancomae
1502 3983 1534 4046 et

366 4089 565 4156 Nicomacho
580 4111 674 4174 quam
690 4089 938 4174 diligentissime
952 4091 1247 4174 commendaretur;
1266 4091 1413 4175 inprimis
1429 4093 1534 4154 autem

366 4196 601 4263 Melanccmam
635 4197 709 4263 huic
741 4197 788 4262 rei
816 4217 950 4280 operam
978 4196 1103 4262 dedisse
1131 4197 1205 4262 iude
1233 4197 1443 4262 manifestum
1476 4198 1535 4273 est,

458 4431 484 4493 1)
503 4423 543 4482 of.
563 4423 742 4494 potissimum
760 4424 799 4479 IV
813 4430 859 4494 483
878 4425 965 4494 Vsu
987 4431 1103 4494 72-783
1122 4425 1174 4480 VII
1189 4431 1305 4496 15-183
1324 4401 1517 4480 V111174se.

1702 4426 1705 4538 1
