3498 5202
801 364 1021 430 ,16-

354 628 384 692 3.
421 639 518 702 Quae
541 636 627 693 retlc
650 636 739 694 Inter
760 593 999 696 Antisthenem
1022 641 1058 696 et
1080 641 1252 728 zenonem
1274 640 1475 700 intercedat.

416 787 519 864 Quam
548 789 770 874 quaestionem
798 811 870 855 cunr
899 787 1036 856 Mueller
1064 788 1168 877 (FHG
1190 789 1340 879 111174)
1369 793 1498 860 silentio
1536 838 1538 844 -

326 895 542 979 praeterierit,
561 891 835 961 Schneiderwirth
843 894 868 983 1)
887 897 922 961 in
941 898 1079 963 transitu
1103 899 1150 963 its
1168 899 1325 985 tetigerit,
1343 903 1380 964 ut
1399 885 1516 1002 Zeno·¹

326 1021 399 1064 nem
433 1001 588 1066 maiorem
620 1009 698 1067 natu
731 1007 847 1087 putare
875 1003 1035 1084 videatur,
1063 1027 1148 1070 nunc
1176 1027 1287 1071 omnes
1319 1005 1379 1071 riri
1402 1007 1523 1088 docti,¹

327 1106 411 1190 quod
433 1108 509 1191 scio,
529 1108 758 1174 Antisthenem
778 1109 933 1175 maiorem
952 1109 1054 1176 fuisse
1074 1112 1295 1198 consentiunt;
1321 1115 1418 1198 atque
1438 1135 1498 1200 ego
1616 1160 1618 1164 .

326 1234 453 1296 quoque
477 1235 574 1296 supra
597 1214 720 1301 (p.10)
743 1215 827 1280 idem
853 1213 994 1300 exposui.

416 1317 451 1384 si
475 1321 546 1405 quis
570 1320 700 1405 Polybii
723 1344 891 1387 censuram
915 1323 953 1388 de
978 1323 1176 1389 Antisthene
1202 1327 1236 1389 et
1258 1324 1384 1391 Zenone
1407 1325 1498 1392 hahi-

325 1429 394 1490 tam
418 1426 544 1511 legerit,
568 1428 755 1512 mirabitur,
778 1428 864 1515 quod
889 1433 985 1494 antes
1006 1432 1141 1515 uterque
1164 1431 1361 1515 nominatur,
1384 1437 1520 1517 postes·

326 1529 421 1618 (XVI
437 1533 489 1617 16,
506 1535 595 1619 lsq.:
614 1525 784 1619 γράφουσι
799 1572 841 1582 -
856 1533 893 1600 ἐν
916 1526 942 1623 ᾧ
967 1551 1072 1620 φησιν
1090 1536 1109 1602 ὁ
1129 1533 1262 1624 Ζήνων)
1279 1536 1498 1603 Antisthenes

327 1638 411 1705 clam
435 1639 630 1705 subducitur.
669 1641 760 1707 Unde
780 1641 944 1708 Schwartz
952 1640 977 1728 ²)
996 1641 1169 1728 Polybium
1188 1666 1255 1710 non
1278 1644 1386 1727 ipsum
1404 1644 1499 1709 Anti-

327 1744 453 1810 sthenis
485 1745 656 1812 historiam
673 1746 822 1834 legisse,
854 1749 909 1814 sed
944 1772 983 1814 ex
1011 1748 1137 1815 Zenone
1170 1750 1209 1815 de
1238 1771 1277 1815 ee
1307 1751 1498 1836 cognovisse

219 1905 220 1909 ,
325 1854 413 1925 recte
437 1853 609 1939 conclusit,
634 1877 697 1939 que
720 1855 847 1920 ratione
870 1856 970 1920 etiam
993 1857 1055 1922 hoe
1079 1856 1274 1941 enucleetur,
1298 1857 1382 1943 quod
1402 1857 1500 1942 Poly·

327 1958 399 2023 bius
423 1959 505 2023 nihil
529 1945 568 2025 de
586 1959 783 2026 Antisthene
806 1963 876 2027 solo
900 1963 1071 2042 nuntiavit,
1090 1963 1146 2028 sed
1169 1963 1330 2042 interdurn
1349 1986 1395 2047 es,
1415 1986 1498 2050 quse

328 2065 367 2130 de
395 2063 521 2130 Zenone
554 2066 703 2146 dixisset,
733 2068 844 2133 eadem
878 2069 916 2134 de
944 2069 1138 2134 Antisthene
1170 2069 1279 2135 valere
1312 2071 1497 2156 deelaravit3

329 2175 456 2237 essetne
479 2171 691 2239 Antisthenes
716 2173 855 2240 Zenonis
885 2197 1030 2240 errorum
1053 2176 1217 2261 particeps
1240 2197 1354 2261 necne,
1377 2177 1412 2241 in
1434 2199 1499 2242 me·

329 2278 416 2344 diurn
439 2302 505 2345 non
524 2279 669 2365 protulit.
706 2279 799 2356 Quod
821 2302 898 2346 vero
918 2279 1082 2347 Schwartz
1101 2283 1273 2367 Zenonem,
1292 2305 1365 2349 cum
1385 2306 1497 2351 omnes

328 2387 458 2450 annales
482 2386 628 2452 Rhodios
651 2409 716 2452 uno
740 2387 902 2453 volumine
925 2389 1039 2474 granffi
1067 2393 1256 2474 congereret
1284 2395 1381 2477 atque
1410 2413 1496 2457 corn-

255 2509 257 2512 ·
326 2493 535 2578 plecteretur,
567 2494 664 2558 etism
694 2492 900 2558 Antisthenis
932 2495 1052 2560 librum
1088 2497 1284 2581 excerpsisse
1321 2498 1498 2583 contendit,

326 2598 405 2664 haee
434 2597 497 2663 etsi
524 2621 543 2663 a
571 2600 676 2682 specie
705 2600 853 2666 veritatis
880 2622 947 2666 non
974 2601 1163 2686 abhorrent,
1186 2607 1308 2688 tamen,
1334 2625 1416 2689 quae
1446 2608 1497 2670 est

255 2719 257 2723 ·
328 2704 465 2770 scientie
488 2708 601 2771 nostre
621 2706 752 2772 illerum
770 2729 878 2773 rerum
901 2730 1027 2793 manca,
1044 2709 1143 2774 nimis
1167 2709 1285 2776 diserte
1310 2713 1343 2776 et
1366 2712 1496 2778 definite

253 2861 256 2865 .
327 2810 414 2876 dicta
437 2814 520 2876 sunt.

416 2917 585 3004 Reliquiae
605 2919 763 3004 quaedem
783 2919 921 2986 Zenonis
941 2943 1015 2987 cum
1038 2923 1122 3007 apud
1141 2923 1321 2991 Diodorum
1340 2924 1497 3013 extans),

327 3030 398 3090 tum
421 3023 595 3110 Polybium
624 3026 752 3092 Zenone
780 3051 874 3093 usum
903 3049 973 3094 esse
1001 3033 1131 3095 auctore
1158 3052 1266 3097 rerum
1295 3031 1497 3098 Rhodiarum

238 3115 240 3118 ’
328 3132 548 3217 compluribus
566 3133 646 3198 locis
666 3134 969 3200 demonstraverunt
983 3136 1014 3201 N
1016 3133 1145 3222 issent),
1160 3135 1344 3224 Valetonl),
1359 3137 1453 3204 Scala
1460 3136 1495 3224 ⁶).

416 3238 494 3304 'thes
524 3239 648 3305 scilicet
677 3240 807 3325 Polybii
834 3240 942 3307 fontes
965 3241 1085 3308 Rhodii
1113 3243 1313 3309 discernendi
1342 3248 1429 3309 sunt:
1458 3245 1497 3310 de

326 3346 440 3432 primo,
464 3346 502 3411 de
521 3346 660 3414 Zenonis
684 3348 831 3433 historia,
849 3349 914 3414 ism
934 3349 1083 3415 diximus.
1121 3349 1193 3415 Huc
1216 3351 1372 3416 accedunt
1394 3352 1496 3417 altero
1532 3353 1536 3362 '

326 3452 398 3517 loco
431 3453 598 3537 scriptoris
632 3455 740 3520 studia
770 3454 805 3520 in
838 3459 995 3539 prytaneo
1027 3455 1231 3522 Rhodiorum
1267 3455 1362 3545 (XVI
1383 3458 1433 3544 15,
1448 3456 1497 3547 8),
1574 3465 1576 3468 ’

415 3683 440 3750 1)
460 3679 628 3736 Geschichte
646 3682 696 3736 der
714 3681 789 3737 Insel
805 3682 927 3753 Rhodos,
946 3702 973 3753 p.
990 3689 1054 3740 183:
1073 3683 1167 3739 Zenon
1184 3685 1242 3739 und
1260 3685 1443 3742 Antisthenes
1461 3717 1496 3726 -

327 3771 447 3825 ersterer
464 3802 500 3810 -
517 3771 587 3826 noct
604 3771 634 3824 in
652 3771 702 3826 der
719 3770 814 3827 Weise
833 3774 886 3826 etc.

415 3861 441 3929 2)
460 3856 715 3929 Pauly-Wissows,
735 3877 756 3916 s.
770 3861 795 3916 v.
816 3861 998 3917 Antisthenes
1018 3869 1042 3917 9.
1378 3895 1380 3899 ·

414 3949 441 4017 3)
460 3946 499 4003 cf.
519 3947 644 4019 Mueller,
664 3949 738 4004 ΓΗΘ
751 3950 790 4003 lII
805 3956 856 4005 176
876 3953 983 4020 et1783
1001 3951 1121 4023 checlr,
1135 3951 1355 4022 Aglaophsmcs,
1370 3971 1397 4022 p.
1410 3957 1493 4022 11843

323 4035 527 4108 Wilemowitz,
549 4037 666 4093 Hermes
684 4038 775 4092 XVIII
788 4044 855 4110 4293
883 4039 985 4110 Bethe,
1008 4040 1124 4095 Hermes
1142 4041 1234 4095 XXIV
1247 4047 1313 4111 4223
1342 4041 1493 4113 Susemihl,

324 4124 423 4181 Gesch.
442 4125 469 4182 d.
489 4126 560 4183 alex.
578 4127 645 4182 nist.
660 4129 672 4182 l
688 4134 738 4182 641
759 4128 824 4184 adn.
839 4134 900 4183 632.

412 4217 440 4286 4)
459 4215 598 4272 Kritische
611 4216 864 4287 Untersuchungen
877 4217 947 4272 uber
965 4218 1011 4274 die
1026 4217 1143 4283 Quellen
1156 4219 1206 4273 der
1221 4226 1246 4274 4.
1261 4219 1319 4274 und
1334 4225 1359 4275 5.
1373 4219 1491 4274 Delrsde

325 4302 374 4358 des
392 4304 496 4362 Livius.

413 4395 439 4463 5)
457 4394 499 4450 De
517 4394 630 4464 Polybii
647 4395 774 4450 lontibus
794 4397 823 4450 et
841 4395 1017 4452 auctoritate.

414 4484 441 4556 6)
460 4482 512 4539 Die
532 4483 650 4540 Studien
668 4485 718 4540 des
736 4483 877 4555 Polybiou.
