3498 5202
798 374 1013 438 -66-

316 534 492 599 diiudicare
515 555 580 600 non
607 533 725 620 ausim3
745 533 882 598 Rhodiis
906 533 992 600 enim
1014 533 1072 598 illa
1095 536 1201 598 aetate
1224 533 1349 600 nullum
1372 533 1485 599 foedus

314 640 445 706 firmum
470 661 542 705 cum
565 639 723 706 Romanis
747 637 859 726 erat¹)

737 891 788 955 14.
823 900 872 955 De
895 913 985 954 anno
1007 900 1075 954 167.

405 1033 444 1097 In
467 1033 561 1097 libris
581 1031 675 1097 XXX
694 1035 727 1096 et
745 1030 855 1096 XXXI
874 1033 995 1096 multas
1014 1031 1151 1097 Zenonis
1175 1031 1327 1115 reliquias
1351 1029 1488 1096 inveniri

314 1141 382 1205 iam
406 1137 501 1204 Scala
529 1136 574 1226 (p.
593 1136 675 1225 261)
704 1139 911 1224 significavit.
957 1137 1029 1203 Hoc
1060 1141 1169 1203 autem
1192 1137 1325 1202 maximi
1349 1141 1399 1202 est
1420 1158 1486 1201 mo·

314 1246 433 1329 menti,
456 1245 542 1330 quod
569 1249 699 1330 praeter
722 1244 894 1330 Polybium
919 1243 1026 1333 (XXX
1044 1242 1146 1330 4-9)
1176 1245 1214 1308 de
1242 1244 1361 1310 eisdem
1391 1244 1486 1308 rebus

315 1375 400 1418 anno
428 1353 490 1419 167
520 1354 621 1439 gestis
653 1353 739 1436 apud
767 1351 897 1418 Livium
920 1348 1025 1438 (XLV
1043 1347 1224 1438 20-25)²)
1251 1373 1290 1415 ea
1317 1350 1486 1415 memoriae

314 1459 446 1543 prodita
471 1463 555 1543 sunt,
579 1460 719 1544 quaein
742 1458 914 1523 annalibus
938 1457 1094 1523 Romanis
1119 1458 1240 1541 scripta
1263 1460 1365 1522 erant.

404 1565 557 1650 Polybius
591 1570 700 1630 autem
731 1564 785 1629 hic
818 1586 944 1649 quoque
981 1567 1111 1629 auctore
1145 1585 1251 1629 rerum
1284 1562 1484 1630 Rhodiarum

314 1672 511 1757 peritissimo
545 1693 578 1736 se
611 1673 660 1736 uti
693 1693 730 1736 eo
764 1671 934 1753 indicavit,
966 1670 1050 1754 quod
1084 1671 1163 1734 satis
1192 1670 1312 1736 multos
1341 1670 1486 1735 Rhodios

314 1779 510 1843 nominatim
535 1774 756 1862 appellavit3).
804 1774 885 1841 Oum
910 1776 1022 1842 Livius
1054 1776 1188 1841 annales
1213 1779 1341 1841 secutus
1366 1776 1486 1840 studio·

317 1885 444 1950 sissima
459 1883 616 1949 Romanis
634 1883 762 1967 faverit,
777 1883 863 1966 apud
877 1882 1050 1967 Polybium
1069 1882 1178 1948 omnia
1191 1883 1317 1947 diversa
1332 1883 1487 1966 reperies:

315 1990 400 2056 Livii
424 1995 537 2054 auctor
560 1989 654 2074 quasi
676 1989 711 2053 in
735 1992 849 2053 senatu
873 1989 969 2070 sedet,
989 1988 1116 2073 Polybii
1139 1989 1266 2073 legatos
1286 1987 1487 2074 Rhodiorum

317 2096 499 2162 comitatur.
524 2092 612 2170 Quae
626 2118 699 2162 cum
713 2096 761 2160 ila
775 2095 851 2179 sint,
866 2092 1001 2160 Catonis
1017 2097 1197 2161 orationem
1212 2094 1453 2159 celeberrimam
1459 2091 1487 2181 4)

316 2225 376 2288 pro
404 2203 542 2268 Rhodiis
574 2203 722 2267 habitam
754 2202 925 2287 Polybium
958 2223 1089 2285 prorsus
1122 2201 1249 2267 silentio
1281 2201 1487 2285 praeteriisse

315 2332 383 2376 non
410 2311 476 2374 iam
505 2309 700 2373 emiraberis.
747 2307 795 2373 De
823 2311 895 2372 toto
923 2311 1054 2391 patrum
1084 2329 1236 2372 consessu
1259 2307 1415 2392 Polybius
1438 2307 1485 2370 nil

316 2415 595 2499 commemoravit,
617 2415 682 2479 nisi
709 2415 887 2499 orationes,
909 2434 989 2497 quas
1017 2414 1118 2499 legati
1141 2413 1340 2479 Rhodiorum
1362 2413 1483 2478 habue-

315 2526 406 2606 runt,
429 2524 462 2585 et
483 2542 687 2604 responsum,
710 2520 795 2604 quod
819 2519 866 2584 eie
890 2519 1000 2585 datum
1024 2523 1074 2584 est
1097 2518 1205 2605 (XXX
1222 2520 1252 2598 4,
1268 2517 1383 2606 6-9);
1412 2541 1484 2584 cum

317 2628 396 2692 alibi
429 2627 567 2710 scriptor
604 2626 775 2711 diligenter
811 2627 946 2691 nomina
982 2626 1232 2712 magistratuum
1265 2626 1485 2691 Romanorum

315 2731 553 2817 referat,-hic⁵)
577 2733 711 2817 legitur:
742 2743 810 2797 τῶν
843 2743 1035 2816 στρατηγῶν
1062 2756 1120 2810 τις.
1167 2733 1259 2809 Quod
1289 2754 1354 2797 non
1378 2732 1484 2797 minus

316 2838 439 2903 Zenoni
457 2838 565 2902 tribuo
586 2860 683 2922 quam
697 2839 948 2922 descriptionem
966 2839 1185 2904 intercedendi
1203 2839 1384 2923 simplicem
1401 2838 1485 2902 hanc

317 2942 425 3029 (XXX
439 2945 469 3028 4,
480 2940 528 3027 6):
549 2937 729 3009 Ἀντωνίου
744 2953 805 3008 τοῦ
820 2944 990 3028 δημάρχου
1013 2983 1045 2992 -
1061 2946 1121 3011 τὸν
1136 2946 1321 3030 στρατηγὸν
1337 2983 1372 2991 -
1386 2968 1484 3010 κατα-

317 3051 504 3127 σπάσαντος
527 3049 590 3115 ἀπὸ
614 3061 681 3116 τῶν
704 3049 864 3134 ἐμβόλων.
888 3051 987 3116 'Haec
1010 3051 1161 3117 nimirum
1180 3054 1281 3117 multo
1305 3051 1485 3118 accuratius

317 3157 359 3221 ab
388 3157 552 3222 annalium
580 3158 733 3242 scriptore
758 3153 841 3242 (Liv.
860 3155 948 3222 XLV
968 3159 1020 3242 21,
1036 3157 1069 3244 1)
1100 3162 1314 3243 exponuntur:
1338 3156 1412 3222 ‘MR
1434 3156 1486 3220 lu·

315 3265 443 3329 sentius
467 3263 595 3328 Thalna
621 3268 765 3347 praetor,
788 3265 877 3328 cuius
906 3264 990 3329 inter
1013 3265 1097 3330 cives
1122 3269 1155 3330 et
1177 3265 1367 3352 peregrinos
1389 3262 1481 3327 iuris·

316 3369 414 3435 dictio
444 3370 545 3454 erar’3
578 3391 756 3454 causaeque
790 3371 1005 3456 explicantur,
1034 3372 1150 3456 quibus
1174 3370 1302 3436 Thalna
1330 3371 1484 3436 adductus

317 3477 373 3559 sit,
397 3480 571 3541 utcontra
594 3474 739 3541 Rhodios
768 3477 866 3541 verba
893 3478 1023 3542 faceret.
1070 3478 1141 3554 Qua
1167 3479 1294 3543 ratione
1322 3499 1397 3543 vero
1421 3476 1485 3541 An·

315 3582 426 3646 tonius
450 3583 681 3666 intercesserit,
703 3580 814 3647 Livius
837 3582 932 3647 iustis
956 3584 1123 3649 vocabulis
1148 3583 1315 3668 describit,
1339 3583 1485 3668 disquisi-

314 3689 438 3753 tionem
475 3687 673 3752 luculentam
710 3687 750 3752 ad
787 3688 837 3753 ius
874 3689 1039 3773 publicum
1075 3690 1293 3776 pertinentem
1329 3689 1485 3774 adiungit,

315 3797 499 3878 praetorem
523 3793 730 3859 vehementer
753 3794 932 3880 vituperat,
954 3798 1038 3881 quod
1070 3798 1139 3863 sine
1163 3801 1295 3863 senatus
1319 3785 1485 3862 voluntate

315 3900 419 3986 egerit
442 3897 545 3984 (XLV
565 3901 617 3986 21,
631 3902 653 3966 4
667 3901 759 3987 sqq).

403 4131 430 4197 1)
451 4127 531 4194 Quod
549 4127 683 4196 Polybius
702 4127 789 4198 (XXX
804 4133 828 4198 5,
843 4133 931 4198 4sqq.
952 4132 981 4185 et
999 4129 1122 4201 saepius)
1141 4131 1245 4186 diserte
1264 4131 1367 4187 docuit.

320 4243 324 4249 ·
403 4219 429 4286 2)
449 4215 506 4271 sub
525 4215 608 4270 finem
626 4217 739 4270 tantum
757 4217 842 4288 (XLV
856 4223 898 4288 25,
913 4221 940 4288 4)
959 4219 1055 4274 Livius
1075 4220 1112 4274 ad
1129 4219 1277 4289 Polybium
1295 4219 1388 4275 rediit.

402 4396 430 4463 4)
448 4393 546 4448 videas
564 4393 624 4448 Liv.
639 4393 713 4448 XLV
727 4400 769 4465 25,
785 4401 814 4464 2;
834 4395 957 4451 Gellium
974 4396 1014 4450 VI
1033 4397 1103 4468 (VII)
1122 4404 1147 4455 3.

404 4485 431 4553 ὅ)
449 4483 507 4539 Pol.
522 4483 599 4536 XXX
612 4490 637 4554 4,
653 4489 682 4552 4;
702 4486 849 4553 praeterea
867 4485 948 4542 Diod.
963 4485 1053 4539 XXXI
1068 4493 1092 4556 5,
1108 4493 1132 4543 3.
1195 4507 1196 4510 ¹
