3498 5202
733 315 950 378 -47μ-

254 472 394 538 Rhodiis
417 472 756 555 benevolentissimus,
785 478 941 558 quantum
971 473 1113 537 studium
1141 473 1190 538 illi
1221 473 1261 537 ad
1286 473 1426 539 Graecos

254 578 442 644 liberandos
475 578 684 662 contulerint,
716 578 892 643 identidem
921 578 1050 644 disertis
1084 579 1188 643 verbis
1218 575 1427 665 praedicat1).

253 684 383 750 Livium
412 685 485 750 aliis
512 685 592 750 Iocis
614 684 762 750 Rhodios
792 707 904 769 aspere
933 689 965 749 et
992 686 1204 750 inclementer
1230 689 1426 750 tractantem

254 793 311 856 vix
334 813 374 858 ex
396 791 504 856 verbis
532 791 584 856 his
612 791 819 876 panegyricis
843 788 1000 877 (XXXIII
1019 788 1122 878 20,1)
1149 793 1427 878 recognoscimus:

254 898 369 963 ‘multa
392 897 520 984 egregie
544 897 664 962 Rhodii
686 919 745 982 pro
769 897 833 963 fide
857 918 934 983 erga
964 900 1121 982 populum
1144 897 1328 964 Romanum
1351 920 1426 982 pro·

256 1025 321 1102 que¹
336 1005 486 1070 universo
505 1003 637 1069 nomine
658 1003 853 1070 Graecorum
873 1009 960 1070 terra
979 1005 1124 1090 marique
1144 1007 1216 1070 ausi
1235 1009 1323 1088 sunt3
1344 1005 1426 1070 nihil

256 1111 518 1197 magnificentius
533 1132 630 1195 quam
646 1110 716 1176 etc?
740 1111 913 1177 Neminem
929 1111 1075 1197 equidem
1090 1115 1217 1196 praeter
1236 1112 1427 1195 scriptorem

255 1218 420 1284 Rhodium
438 1218 555 1283 merita
574 1238 612 1282 ea
630 1219 715 1283 tanti
735 1218 896 1283 facturum
916 1217 1017 1283 fuisse
1037 1239 1119 1302 reor,
1139 1220 1290 1302 quoniam
1306 1218 1427 1284 Rhodii

253 1347 321 1390 non
345 1347 403 1390 suo
427 1324 570 1409 periculo
593 1323 753 1389 Antiocho
778 1325 991 1410 obsistebant,
1015 1324 1071 1389 sed
1091 1324 1311 1391 Romanorum
1334 1347 1427 1409 prae-

255 1432 338 1496 sidio
362 1432 469 1496 valido
493 1431 696 1516 tegebantur.
733 1430 906 1498 Praeterea
930 1431 1021 1517 origo
1046 1431 1173 1496 Rhodia
1197 1431 1354 1515 probatur
1378 1453 1425 1513 eo,

254 1538 339 1622 quod
362 1539 449 1602 inter
470 1536 615 1602 Rhodios
639 1541 672 1602 et
695 1536 807 1624 Syriae
838 1559 931 1622 reges
954 1539 1019 1603 iam
1044 1537 1224 1622 antiquitus
1248 1537 1426 1603 amicitiam

253 1644 355 1709 fuisse
374 1644 617 1709 demonstratur
632 1642 788 1730 (XXXIII
803 1646 855 1729 20,
871 1646 918 1731 7);
937 1667 1001 1730 qua
1019 1645 1054 1711 in
1072 1667 1106 1710 re
1122 1648 1234 1710 auctor
1252 1667 1318 1710 non
1339 1667 1426 1729 casu,

255 1751 311 1816 sed
342 1751 510 1817 voluntate
540 1751 706 1817 vocabulis
735 1751 872 1816 foederis
903 1751 954 1815 vel
983 1753 1148 1817 societatis
1173 1753 1284 1817 vitatis
1314 1752 1353 1816 de
1376 1773 1427 1816 ve·
1535 1803 1536 1808 1

253 1856 350 1922 tustis
377 1857 502 1922 iuribus
530 1861 659 1923 tantum
689 1858 834 1942 scripsit,
857 1880 930 1924 cum
959 1839 1079 1924 Rhodii
1111 1858 1294 1924 foederibus
1324 1859 1426 1923 firmis

232 2043 234 2046 v
255 1963 373 2047 spretis
397 1963 430 2027 id
455 1969 600 2049 agerent,
623 1967 660 2029 ut
684 1985 796 2028 omnes
816 1964 966 2029 civitates
991 1963 1137 2028 amicitia
1160 1961 1426 2051 contingerent2).

254 2068 388 2135 Praeter
405 2069 551 2135 Rhodios
575 2091 687 2135 eorum
712 2069 790 2135 socii
814 2092 960 2135 seorsum
982 2071 1201 2152 nominantur,
1221 2070 1306 2155 quod
1327 2070 1426 2135 etiam

256 2197 356 2259 supra
378 2176 501 2241 factum
525 2198 595 2241 esse
618 2176 758 2242 vidimus
783 2174 1056 2263 (P01.1V50,5;
1079 2176 1131 2255 52,
1145 2171 1191 2262 5).

343 2283 507 2349 Rhodium
537 2305 614 2349 vero
646 2287 810 2348 auctorem
840 2283 938 2348 etiam
968 2284 1087 2348 clarius
1119 2282 1331 2366 perspiceres,
1358 2283 1424 2346 nisi

257 2388 368 2454 Livius
395 2393 567 2475 tantopere
594 2390 726 2474 Polybii
752 2392 851 2456 verba
881 2391 914 2455 in
945 2393 1120 2476 angustum
1151 2389 1320 2473 cotgisset.
1365 2388 1426 2453 Ille

256 2495 341 2559 enim
365 2495 453 2561 facta
471 2496 682 2583 Rhodiorum,
704 2519 786 2582 quae
809 2497 844 2561 in
866 2497 956 2562 fonte
981 2519 1038 2562 suo
1058 2497 1192 2561 verbose
1215 2499 1358 2560 tractata
1376 2497 1426 2559 in-

255 2601 356 2684 venit,
388 2625 423 2667 se
450 2606 594 2688 repetere
626 2604 714 2668 nolle
742 2603 901 2688 expressis
930 2603 1038 2668 verbis
1071 2602 1153 2667 dixit
1180 2598 1264 2687 (Liv.
1282 2601 1427 2666 XXXIII

255 2705 395 2794 20,13);
432 2711 530 2774 etiam
567 2710 842 2775 enumerationem
877 2709 1087 2774 castellorum
1120 2710 1161 2773 ab
1195 2707 1358 2773 Antiocho
1392 2708 1428 2772 in

256 2812 369 2880 Cilicia
392 2820 649 2901 expugnatorum
673 2815 784 2881 Livius
812 2815 952 2881 mediam
981 2816 1112 2900 abrupit
1134 2813 1290 2900 (XXXIII
1308 2815 1361 2898 20,
1376 2811 1427 2900 5):

255 2919 418 2988 ‘omnibus
442 2923 493 2988 his
518 2923 655 3007 aliisque
673 2960 710 2970 —
728 2923 872 2988 castellis
887 2924 979 2991 -in
1003 2923 1201 2988 deditionem
1220 2920 1381 3005 acceptis'.

343 3027 449 3093 Annis
473 3028 630 3115 proximis
660 3030 698 3095 de
722 3028 859 3095 Rhodiis
883 3030 951 3095 fere
973 3030 1021 3094 nil
1044 3029 1259 3114 comperimus
1282 3028 1368 3092 bello
1392 3029 1427 3092 in

256 3131 391 3200 Graecia
410 3139 512 3220 gesto.
549 3136 645 3202 Anno
668 3136 727 3201 191
748 3137 891 3201 maxima
914 3135 1049 3201 aestatis
1073 3140 1166 3218 parte
1189 3135 1254 3199 iam
1278 3133 1427 3199 confecta

255 3243 331 3323 post
357 3261 502 3326 pugnam
530 3243 570 3306 ad
594 3241 753 3328 Corycum
783 3243 988 3308 commissam
1018 3241 1137 3306 Rhodii
1165 3263 1237 3304 cum
1266 3240 1362 3305 sociis
1391 3262 1425 3304 se

255 3345 429 3413 iunxerunt
461 3346 543 3436 (Liv.
562 3348 703 3415 XXXVI
721 3348 774 3436 45,
788 3347 837 3435 5);
874 3349 985 3413 statim
1023 3347 1154 3412 domum
1190 3346 1315 3412 remissi
1349 3350 1427 3412 sunt

257 3452 338 3536 (Liv.
357 3453 498 3521 XXXVI
515 3456 569 3540 45,
583 3456 633 3542 6);
665 3477 768 3542 neque
802 3477 856 3521 eos
886 3455 947 3521 hoc
979 3476 1065 3520 anno
1097 3453 1176 3518 alibi
1205 3454 1347 3538 stetisse,
1370 3454 1426 3519 sed

255 3561 321 3624 tam
351 3582 422 3626 sero
449 3562 580 3627 tandem
609 3563 705 3628 domo
730 3562 770 3627 ad
799 3562 936 3628 classem
960 3561 1086 3626 venisse
1110 3564 1248 3645 apparet
1270 3582 1309 3625 ex
1332 3559 1426 3625 Livio

255 3663 412 3733 XXXVII
431 3670 461 3751 9,
475 3668 505 3733 5.

342 3773 516 3859 Polybium
539 3779 653 3841 contra
676 3776 718 3841 ad
741 3777 863 3841 bellum
888 3776 1004 3841 navale
1029 3775 1107 3840 anni
1133 3775 1196 3840 190
1219 3774 1347 3839 Zenone
1370 3796 1426 3858 po·

255 3880 418 3945 tissimum
440 3886 572 3948 auctore
595 3905 691 3948 usum
715 3905 785 3948 esse
814 3883 880 3948 iam
903 3882 1028 3968 pridem
1051 3885 1284 3966 perspexerunt
1306 3879 1426 3946 Nissen

256 3986 323 4072 (pp.
343 3987 399 4072 713
433 3985 624 4076 192-194)
657 3993 691 4053 et
721 3989 865 4055 Valeton
898 3987 944 4076 (p.
963 3985 1053 4072 202).
1098 3987 1222 4064 Quibus
1258 3988 1297 4054 de
1329 3987 1426 4052 rebus
1492 4043 1494 4048 .

256 4150 468 4158 ————

345 4255 371 4323 1)
389 4253 448 4308 Por.
468 4253 558 4308 ιιιιι
571 4259 604 4307 41
612 4271 638 4323 a,
653 4260 667 4306 1
689 4280 722 4300 =
741 4252 800 4308 mv.
815 4252 933 4306 xxxin
951 4258 994 4322 ιο,
1010 4259 1039 4319 3;
1066 4255 1213 4322 praeterea
1235 4249 1294 4305 niv.
1309 4248 1426 4302 ιιιιιι

255 4346 297 4410 20,
314 4346 359 4409 11³
379 4347 422 4413 ιο,
439 4348 479 4396 12.

344 4433 370 4500 s)
389 4431 448 4487 Pol.
462 4432 539 4485 ιιι
553 4437 577 4502 a,
593 4437 680 4486 a-10
700 4459 733 4478 -.=
752 4431 811 4486 mv.
827 4430 901 4484 ιιι
915 4436 957 4500 aa,
973 4437 1073 4500 0-10;
1094 4429 1172 4485 oron.
1188 4429 1238 4482 ιι
1252 4435 1295 4497 s1,
1311 4435 1334 4482 a.
