3498 5202
702 365 922 429 ..43-

315 523 389 590 Nisi
410 525 474 590 hac
501 524 626 591 ratione
648 523 733 590 Livii
761 525 860 590 verba
883 522 1008 612 (XXXI
1025 527 1078 606 28,
1091 525 1127 612 4)
1154 526 1303 614 intellegi
1330 550 1396 595 non

226 634 379 717 possunt,
410 631 466 716 qui
495 631 577 696 dixit
605 632 646 696 ad
674 631 819 697 Rhodios
847 632 974 717 lagatos
1002 633 1118 699 missos
1147 656 1231 721 esea,
1253 641 1291 702 ut
1317 635 1397 700 belli

225 741 354 822 partem
382 741 597 822 capesserent.
642 737 735 814 Quod
762 738 868 804 medio
897 761 981 805 anno
1005 741 1071 806 200
1101 739 1257 806 accidisse
1283 742 1397 826 nequit

226 844 364 910 Rhodiis
402 845 488 931 apud
524 845 689 910 Romanos
725 845 930 912 versantibus
967 844 1093 933 (XXXI
1110 831 1198 932 228
1227 852 1260 913 et
1283 847 1335 932 23,
1350 845 1395 934 9).

226 952 404 1036 Postquam
436 973 511 1017 vero
544 951 658 1017 elassis
690 951 820 1018 Rhodia
852 957 1008 1022 autumno
1040 955 1105 1019 200
1135 954 1264 1020 domum
1291 955 1396 1040 rediit,

226 1057 366 1124 Romani
389 1057 552 1138 timentes,
569 1062 607 1123 ut
630 1080 704 1124 vere
727 1059 860 1124 ineunte
878 1059 1001 1125 Rhodii
1024 1061 1143 1126 iterum
1167 1060 1287 1127 auxilio
1308 1061 1395 1127 veni·

225 1168 307 1244 rant,
325 1164 431 1229 hieme
449 1164 533 1235 200!
536 1165 598 1230 199
617 1165 676 1230 hos
697 1166 824 1252 lagatos
843 1166 1003 1232 miserunt
1022 1165 1146 1254 (XXXI
1164 1167 1218 1253 28,
1231 1163 1277 1255 4).
1292 1166 1396 1244 ‚Quod

226 1269 394 1337 Romanos
416 1293 483 1337 non
505 1272 575 1337 sine
598 1271 685 1337 iusta
708 1294 805 1338 causa
827 1273 948 1339 veritos
968 1295 1039 1339 csse
1063 1274 1224 1358 existimo,
1243 1275 1396 1359 quoniam

225 1378 345 1444 Rhodii
365 1399 449 1444 anno
466 1379 529 1444 199
549 1379 641 1444 tarde
662 1377 744 1465 (Liv.
757 1378 869 1444 XXXI
887 1380 941 1467 46,
954 1377 998 1466 6),
1017 1380 1070 1445 diu
1090 1381 1233 1446 cunctati
1252 1380 1411 1446 officium·

224 1485 460 1568 praestiterunt
482 1484 570 1551 bello
593 1485 704 1551 navali
727 1486 794 1552 fere
826 1486 973 1553 confecto
997 1484 1118 1572 (XXXI
1136 1486 1261 1572 44sq.).
1307 1485 1395 1562 Quae

225 1591 336 1658 omnia
358 1614 426 1658 non
448 1597 518 1658 tam
542 1593 627 1676 apud
651 1592 780 1658 Livium
803 1593 966 1678 expressis
990 1594 1097 1659 verbis
1119 1594 1274 1681 leguntur
1297 1616 1395 1679 quam

226 1698 421 1764 coniecturis
446 1699 641 1784 expedienda
664 1703 750 1765 eunt.

316 1839 369 1905 Ex
386 1841 540 1920 proximis
560 1842 660 1907 etiam
678 1841 797 1908 clarius
815 1843 1020 1928 perspicitur,
1035 1865 1133 1928 quam
1151 1865 1266 1909 manca
1284 1843 1394 1909 Livius

228 1946 266 2011 da
290 1945 425 2012 Rhodiis
448 1949 660 2013 nuntiaverit:
691 1949 805 2014 classis
829 1949 971 2035 Rhodia,
993 1972 1065 2015 cum
1090 1950 1130 2015 ad
1154 1950 1320 2016 Romanos
1344 1973 1395 2015 ve·

224 2054 337 2136 nisset,
361 2054 521 2119 Zelasium
544 2056 644 2120 missa
667 2060 725 2140 est,
748 2057 805 2122 ubi
829 2056 966 2122 classem
984 2056 1205 2140 Macedonum,
1229 2078 1311 2141 quaa
1330 2055 1394 2120 He·

225 2160 349 2226 raclida
371 2161 535 2245 praefecto
559 2161 600 2226 ad
624 2151 864 2227 Demetriadem
892 2163 926 2227 in
951 2163 1078 2227 ancoris
1102 2163 1225 2245 stabat,
1248 2162 1396 2227 custodia

226 2267 407 2333 contineret
425 2265 509 2355 (Liv.
523 2267 633 2332 XXXI
651 2269 704 2353 46,
718 2265 842 2355 6sqq.).
874 2268 1042 2345 Quomodo
1062 2267 1183 2334 Rhodii
1205 2268 1394 2333 mandatum

225 2373 307 2439 illud
330 2373 558 2439 difficillimum
582 2376 723 2440 exsecuti
746 2375 826 2460 sint,
849 2376 988 2459 scriptor
1017 2375 1147 2440 omnino
1175 2396 1240 2440 non
1267 2377 1394 2439 narrat:

225 2479 379 2544 nimirum
402 2479 463 2545 hoc
487 2481 579 2546 salvo
598 2480 707 2547 officio
727 2503 761 2546 se
780 2481 977 2546 omissurum
996 2503 1065 2546 esse
1085 2483 1218 2565 censuit,
1236 2503 1310 2546 cum
1328 2481 1394 2545 illis

225 2585 259 2652 in
277 2587 374 2652 rebus
393 2587 611 2652 describendis
630 2587 677 2652 nil
695 2588 827 2670 inesset,
845 2589 931 2672 quod
950 2588 991 2652 ad
1009 2588 1158 2672 proprias
1173 2589 1394 2653 Romanorum

225 2692 338 2758 laudas
360 2694 546 2777 pertineret.
577 2693 775 2760 Brevissima
793 2693 940 2760 Rhodios
960 2698 1115 2760 autumno
1135 2681 1267 2759 domum
1285 2694 1395 2759 remis-

226 2821 281 2865 sos
306 2821 375 2864 esee
399 2798 524 2887 (XXXI
541 2801 594 2886 47,
609 2798 647 2887 2)
671 2800 810 2866 additur.

314 2941 425 3009 Etiam
444 2943 571 3027 planius
591 2942 675 3009 Livii
693 2943 778 3009 ratio
797 2966 880 3010 anno
900 2945 1049 3029 proximo
1067 2945 1130 3010 198
1149 2949 1255 3030 patet:
1274 2944 1395 3010 Rhodii

226 3071 259 3114 sa
291 3069 364 3113 eum
391 3047 552 3115 Romanis
584 3051 819 3116 coniunxerunt
850 3047 1124 3138 (XXXH16,6);
1161 3052 1290 3136 utrique
1321 3073 1393 3118 cum

224 3155 364 3221 Achaeis
389 3156 427 3221 dc
450 3155 577 3221 foedera
596 3155 744 3222 faciendo
764 3161 899 3242 egerunt
917 3155 1001 3244 (Liv.
1015 3155 1140 3222 XXXII
1161 3159 1212 3241 19,
1226 3158 1344 3237 3-23,
1360 3160 1394 3235 1;

225 3261 309 3346 App.
327 3261 392 3326 Ma.
411 3258 455 3348 7).
498 3262 578 3327 Inda
611 3262 652 3328 ab
684 3263 742 3329 illo
775 3285 852 3329 vero
888 3263 1045 3347 temporis
1077 3267 1241 3329 momento
1274 3262 1394 3328 Rhodii

224 3390 357 3453 prorsus
381 3372 594 3434 evanuerunt:
626 3391 701 3434 nam
724 3373 831 3436 totum
854 3369 976 3434 bellum
999 3370 1115 3434 navale
1140 3392 1159 3434 a
1181 3368 1338 3434 Romanis
1362 3373 1394 3434 et

224 3473 337 3540 Attalo
368 3475 447 3540 solis
478 3475 656 3541 secundum
679 3475 808 3542 Livium
830 3474 957 3541 XXXII
975 3475 1143 3561 23,4sqq.
1174 3479 1303 3560 gestum
1334 3479 1393 3542 est.

226 3580 309 3656 Quid
327 3581 448 3646 Rhodii
470 3581 532 3648 hoe
555 3605 638 3648 anno
657 3582 803 3667 fecerint,
822 3582 1005 3648 coniectura
1029 3586 1157 3648 tantum
1176 3582 1392 3668 colligendum

225 3690 288 3753 ast:
311 3709 384 3752 cum
406 3709 446 3753 ne
469 3688 678 3754 Macedonica
701 3689 828 3772 quidem
852 3690 966 3754 classis
990 3692 1309 3772 commemoraretur,
1332 3689 1393 3754 hoa

224 3814 350 3878 quoquc
375 3816 459 3859 anno
482 3794 626 3860 Rhodios
651 3795 690 3860 ad
714 3794 922 3861 Heraclidam
950 3795 1195 3861 custodiendum
1223 3794 1392 3880 delegatos

225 3921 380 3985 prospere
402 3898 529 3966 muneri
552 3901 750 3967 satisfecisse
773 3905 863 3985 puto.
908 3900 1001 3967 Bello
1025 3901 1121 3966 huius
1145 3903 1222 3967 anni
1245 3905 1392 3970 confecto

223 4005 343 4071 Rhodii
375 4029 486 4073 rursus
520 4011 679 4093 apparant
710 4008 816 4073 hieme
849 4007 995 4093 198s197
1026 4005 1110 4095 (Pol.
1129 4008 1243 4074 XVIII
1262 4012 1327 4097 1,4
1351 4042 1391 4063 =

222 4111 291 4176 Liv.
309 4111 436 4178 XXXII
454 4111 587 4202 3211).

313 4231 403 4330 Quae
426 4277 498 4322 cum
522 4257 569 4322 ita
593 4257 672 4343 sint,
695 4277 762 4322 non
789 4257 855 4320 iam
879 4259 993 4340 stupor
1016 4261 1049 4322 ta
1072 4257 1205 4325 invadat
1226 4259 1260 4324 in
1283 4279 1392 4323 rerum

224 4382 307 4446 quae
330 4383 414 4427 anno
435 4363 498 4429 197
522 4364 605 4428 mari
629 4367 739 4449 gestae
763 4366 839 4428 sunt
862 4365 1067 4430 enarratione
1090 4364 1172 4430 nihil
1196 4365 1234 4429 de
1253 4364 1391 4430 Rhodiis

224 4467 408 4533 audientem
440 4466 523 4557 (Liv.
541 4468 684 4536 XXXIII
704 4467 858 4558 16-17).
903 4468 996 4536 Unde
1029 4470 1174 4537 Rhodios
1210 4470 1268 4539 illo
1305 4492 1390 4536 anno
