3498 5202
832 397 1049 462 -22-

445 558 561 645 Itaque
581 562 614 623 et
631 558 772 644 primam
792 561 824 622 et
843 559 981 623 alteram
998 559 1124 641 partem
1145 578 1164 621 a
1182 555 1321 641 Polybio
1344 557 1426 642 ipso,
1443 560 1529 642 post

358 688 456 750 quam
479 663 632 751 Byzantii
654 665 726 749 fuit,
750 664 948 750 compositas
971 685 1040 728 esse
1063 666 1152 748 puto.

447 772 592 838 Tandem
616 769 678 857 (IV
697 771 751 855 46,
765 771 884 855 5-47,
899 767 935 856 2)
964 769 1104 854 scriptor
1131 768 1171 833 ad
1199 789 1314 834 causas
1342 768 1422 834 belli
1444 769 1530 836 Rho-

359 879 487 946 diorum
513 883 546 944 et
565 878 798 964 Byzantiorum
822 876 1028 962 exponendas
1052 897 1086 942 ss
1109 877 1221 959 vertit3
1244 897 1282 941 ae
1300 875 1442 960 primum
1462 876 1530 962 qui·

358 989 430 1053 dem
454 984 661 1070 indiligentia
685 982 854 1068 scriptoris
878 982 995 1068 exigua
1018 981 1304 1065 animadvertitur,
1332 1004 1404 1047 cum
1433 987 1530 1049 antea

359 1091 421 1180 (IV
439 1093 492 1177 46,
507 1094 541 1176 6;
566 1091 605 1158 of.
626 1091 725 1156 etiam
745 1088 793 1154 IV
808 1089 859 1168 52,
876 1089 897 1154 5
916 1092 949 1153 et
967 1086 1017 1152 ΙΙΙ
1031 1090 1061 1172 2,
1076 1085 1111 1176 5)
1135 1087 1277 1174 vectigal
1296 1090 1529 1156 mercatoribus

360 1222 399 1266 ex
428 1198 565 1264 Graecia
595 1199 629 1262 in
657 1219 746 1262 mare
774 1195 962 1280 Ponticum,
994 1198 1110 1279 postea
1142 1193 1325 1281 (1V47,1)
1358 1216 1397 1260 ex
1424 1195 1529 1264 Ponto

359 1305 592 1391 navigantibus
628 1305 824 1388 imponatur.
871 1300 955 1368 Sane
992 1306 1192 1386 expectares,
1228 1304 1265 1366 ut
1301 1300 1451 1387 Byzantii
1488 1303 1528 1369 ab

359 1414 505 1498 utrisque
528 1411 689 1477 tributum
709 1411 890 1496 exigerent3
915 1408 1001 1494 quod
1019 1430 1055 1473 re
1073 1429 1150 1473 vera
1168 1406 1292 1473 factum
1312 1429 1381 1475 esse
1401 1406 1530 1476 Schnei-

359 1515 545 1606 derwirth²)
577 1539 707 1584 censere
739 1516 881 1600 uidetur,
912 1536 1015 1598 neque
1048 1535 1108 1601 ego
1146 1515 1187 1579 ab
1225 1513 1337 1580 eadem
1370 1517 1531 1583 sententia

311 1650 313 1654 ·
361 1628 485 1692 alienus
510 1623 625 1713 sum2).

448 1732 488 1796 In
513 1731 720 1797 describendo
744 1730 830 1795 bello
849 1727 1051 1795 Rhodiorum
1070 1732 1104 1794 et
1121 1727 1354 1812 Byzantiorum
1372 1729 1530 1815 Polybius

361 1864 427 1907 non
449 1861 551 1905 unum
575 1838 681 1904 solum
704 1837 829 1918 fontem
859 1839 988 1900 secutus
1012 1838 1071 1920 est,
1094 1834 1151 1900 sed
1179 1835 1337 1919 diversos,
1366 1837 1452 1922 quod
1479 1838 1531 1904 uel

363 1971 402 2015 ex
425 1946 552 2012 indiciis
575 1944 770 2031 quibusdam
794 1941 984 2008 adventiciis
1012 1944 1159 2026 apparet:
1187 1963 1264 2007 nam
1291 1944 1430 2028 scriptor
1461 1947 1531 2012 tan·

363 2057 436 2120 dem
458 2051 507 2117 IV
525 2053 579 2137 49,
595 2050 682 2117 l-4
705 2072 743 2115 ea
766 2049 929 2135 copiosius
953 2047 1113 2134 exposuit,
1136 2070 1217 2132 quae
1240 2050 1306 2114 iam
1329 2049 1432 2116 multo
1455 2054 1531 2116 ante

363 2159 425 2246 (IV
442 2161 495 2244 47,
513 2155 548 2246 7)
571 2158 688 2223 leviter
712 2156 952 2240 significaverat
973 2154 1076 2221 hisce:
1104 2153 1229 2241 ᾔδεσαν
1251 2157 1314 2240 γὰρ
1337 2156 1396 2222 τὸν
1420 2161 1532 2239 Πρου-

362 2271 439 2332 σίαν
471 2266 759 2351 παρατριβόμενον
791 2264 827 2328 ἔκ
853 2286 956 2328 τινων
984 2263 1067 2348 πρὸς
1097 2264 1176 2340 τοὺς
1202 2265 1413 2342 Βυζαντίους.
1459 2262 1531 2329 Uno

361 2378 490 2439 tantum
516 2372 607 2437 fonte
636 2369 783 2436 adhibito
807 2368 963 2453 Polybius
995 2390 1073 2434 sane
1100 2369 1181 2455 ipsis
1209 2369 1256 2434 eis
1283 2369 1391 2435 vorbis
1419 2392 1532 2436 causas

362 2482 429 2544 irae
458 2479 670 2543 adiunxisset.
715 2475 839 2541 Eadem
872 2475 999 2541 ratione
1030 2476 1263 2562 intellegimus,
1293 2498 1349 2541 cur
1376 2476 1532 2562 Polybius

364 2585 413 2651 IV
428 2585 480 2670 50,
496 2587 515 2650 8
534 2585 651 2649 iterum
671 2582 830 2648 Tiboeten
850 2605 869 2646 a
888 2581 1056 2665 Byzantiis
1076 2603 1114 2647 ex
1133 2582 1324 2649 Macedonia
1343 2583 1532 2649 arcessitum

365 2714 435 2757 esse
458 2690 653 2774 narraverit,
681 2688 714 2753 id
738 2689 823 2775 quod
850 2689 917 2753 iam
938 2687 987 2753 IV
1000 2689 1086 2774 50‚1
1112 2689 1265 2775 legimus,
1293 2689 1445 2775 quoniam
1468 2713 1533 2756 non

364 2803 425 2882 est,
449 2821 506 2864 our
531 2800 696 2862 auctorem
718 2817 817 2861 unam
840 2817 918 2880 rem,
941 2817 1022 2880 quae
1046 2796 1146 2860 semel
1168 2798 1298 2861 tantum
1322 2796 1482 2882 acciderit,
1500 2797 1534 2862 in

364 2905 476 2971 eodem
500 2903 589 2969 fonte
612 2903 663 2968 bis
687 2901 859 2985 repetitam
879 2901 1040 2967 invenisse
1057 2906 1219 2988 putemus,
1237 2903 1534 2989 probabilissimum

365 3033 434 3077 esse
457 3010 586 3076 videtur
610 3009 803 3093 scriptorem
825 3007 910 3072 idem
933 3007 1056 3073 factum
1085 3030 1124 3074 ex
1151 3010 1285 3076 diversis
1312 3010 1460 3076 fontibus
1483 3011 1534 3075 bis

365 3116 551 3201 sumpsisse.
592 3114 721 3181 Dixerit
742 3114 881 3181 fortasse
906 3115 1069 3200 quispiam
1093 3115 1192 3180 simili
1216 3116 1342 3183 ratione
1366 3119 1464 3183 etiam
1487 3115 1536 3182 IV

365 3225 452 3309 50,ss
477 3224 516 3288 de
541 3222 652 3288 eadem
678 3222 842 3310 legatione
862 3222 917 3306 agi
941 3226 1038 3307 atque
1061 3223 1125 3287 iam
1151 3245 1250 3308 supra
1268 3220 1330 3311 (IV
1344 3224 1396 3309 48,
1412 3222 1456 3309 1).
1491 3222 1521 3289 A

365 3332 548 3417 legationes
571 3329 646 3394 illas
671 3330 814 3395 diversas
839 3351 909 3394 esse
933 3351 1014 3413 reor,
1038 3351 1111 3394 cum
1134 3333 1231 3395 antea
1254 3331 1294 3395 ad
1313 3331 1479 3397 Achaeum
1502 3335 1536 3395 et

364 3437 526 3516 Attalum,
545 3440 661 3522 postea
681 3437 720 3501 ad
738 3436 906 3501 Achaeum
926 3436 1032 3501 solum
1051 3436 1153 3521 legati
1173 3437 1263 3502 missi
1283 3435 1358 3502 sint.
1385 3435 1535 3521 Byzantii

364 3544 466 3630 igitur
489 3544 541 3608 bis
566 3543 606 3606 ab
631 3543 761 3608 Achaeo
786 3542 941 3607 auxilium
965 3543 1165 3628 petiverunt,
1192 3565 1401 3610 cumeorum
1431 3542 1535 3608 multo

365 3650 439 3736 plus
458 3651 632 3715 interesset
644 3649 823 3734 principem
838 3648 929 3712 illum
946 3649 1208 3732 potentissimum
1223 3648 1276 3736 (cl.
1291 3648 1339 3715 IV
1353 3650 1406 3734 48,
1421 3645 1535 3735 Bsqq.)

366 3755 447 3840 ipsis
472 3755 596 3821 socium
620 3754 691 3818 fieri
714 3777 812 3840 quam
835 3755 985 3820 Attalum
1009 3756 1124 3840 opibus
1152 3756 1329 3841 infirmum,
1357 3756 1470 3822 eadem
1497 3756 1536 3820 de

366 3883 465 3928 causa
488 3862 588 3926 etiam
610 3859 658 3925 IV
672 3861 758 3946 50,1
784 3862 934 3928 Achaeus
958 3862 1046 3927 solus
1069 3862 1230 3929 laudatur.

454 3968 574 4033 Fontes
601 3990 691 4052 vero,
722 3991 762 4033 ex
790 3969 906 4054 quibus
933 3969 1077 4034 narratio
1105 3969 1201 4036 huius
1229 3969 1305 4036 belli
1333 3970 1450 4035 hausta
1477 3972 1536 4053 est,

367 4075 519 4160 Byzantii
543 4079 635 4139 erant
659 4078 692 4140 et
711 4073 839 4159 Rhodii,
862 4074 949 4160 quod
972 4076 1024 4140 vel
1047 4075 1121 4142 inde
1145 4080 1290 4162 apparet,
1314 4077 1391 4162 quia
1414 4079 1536 4161 auctor,

366 4186 404 4248 ut
427 4183 473 4246 ita
496 4182 614 4266 dicam,
638 4181 734 4246 modo
758 4181 993 4266 Byzantiorum
1016 4183 1112 4249 modo
1135 4183 1338 4249 Rhodiorum
1365 4183 1536 4249 incastris

457 4341 483 4408 1)
502 4337 670 4394 Gcschichte
689 4339 738 4394 der
755 4337 830 4394 Insel
847 4339 969 4410 Rhodos,
988 4359 1015 4410 p.
1031 4347 1073 4395 64.

456 4430 484 4498 2)
501 4426 609 4481 Eadem
632 4427 781 4483 diversitas
807 4427 894 4482 etiam
916 4430 951 4484 de
968 4428 1187 4484 Atheniensibus
1206 4428 1310 4501 legitur
1329 4429 1404 4500 apud
1423 4428 1536 4485 P01.1V

368 4523 411 4585 44,
426 4522 444 4569 4
462 4519 492 4572 et
509 4515 636 4586 Xenoph.
655 4516 728 4573 Hell.
743 4517 757 4572 I
772 4523 795 4586 1,
811 4524 853 4574 22.
891 4517 932 4575 cf.
950 4517 1073 4586 Boeckh,
1092 4518 1216 4575 Staatsh.
1237 4519 1263 4575 d.
1282 4518 1348 4574 Ath.
1364 4518 1390 4572 ΙΙ
1403 4524 1465 4577 441.
