3498 5202
723 752 834 827 Vita
862 751 1071 826 auctoris

844 947 949 954 ————-

400 1087 505 1154 Natus
526 1110 606 1173 sum,
624 1087 704 1156 Karl
723 1086 891 1153 Hermann
908 1085 1044 1165 Ullrieh,
1063 1083 1216 1172 Gygneae
1241 1109 1268 1151 a.
1289 1085 1388 1152 dVI.
1407 1088 1480 1153 Kal.

311 1194 387 1260 Dee.
411 1194 487 1259 anni
513 1195 598 1260 1873
626 1198 717 1278 patre
740 1193 911 1279 Wilhelm,
938 1195 1043 1257 matre
1066 1177 1153 1257 Lina
1176 1215 1193 1258 1
1218 1196 1313 1279 gente
1336 1192 1480 1278 Haertel,

312 1323 393 1385 quos
417 1301 595 1366 acerbitate
619 1300 680 1366 fati
703 1300 785 1366 mihi
808 1303 997 1385 praereptos
1026 1320 1097 1365 esse
1119 1299 1213 1365 valde
1242 1300 1344 1366 doleo.
1390 1299 1480 1366 Fidei

311 1406 458 1474 addictus
481 1430 553 1472 sum
577 1409 790 1495 evangelicae.

400 1513 599 1580 Litterarum
632 1515 799 1581 elementis
832 1517 984 1600 quattuor
1011 1535 1069 1598 per
1096 1533 1197 1578 annos
1224 1514 1370 1580 imbutus
1394 1537 1498 1580 anno.

312 1611 405 1687 1884'
422 1626 570 1708 receptus
594 1643 665 1686 sum
689 1621 723 1685 in
742 1621 949 1707 gymnasium
968 1617 1169 1705 Cygneense,
1188 1619 1240 1684 eui
1263 1620 1368 1704 primo
1387 1621 1480 1686 Etler

309 1728 423 1794 deinde
447 1728 550 1794 Gerth
573 1733 753 1812 praeerant.
794 1728 878 1793 Vere
902 1727 978 1792 anni
1003 1727 1089 1794 1893
1113 1727 1311 1792 maturitatis
1335 1728 1479 1794 testimo·

309 1834 400 1899 nium
425 1835 560 1920 adeptus
580 1835 725 1919 Lipsiam
748 1857 800 1899 me
823 1835 954 1917 contuli,
977 1838 1014 1899 ut
1038 1833 1198 1918 stipendia
1222 1855 1387 1900 meterem.
1418 1833 1479 1898 Mi-

309 1942 379 2007 litis
403 1941 511 2007 officio
540 1942 691 2008 absoluto
716 1942 911 2028 Friburgum
935 1940 1124 2026 Brisgoviae
1152 1939 1399 2025 transmigravi,
1421 1941 1478 2005 ubi

310 2068 362 2111 me
385 2047 562 2112 docuerunt
585 2049 647 2114 viri
669 2049 849 2115 doctissimi
873 2047 994 2130 Hense,
1017 2047 1138 2132 Kluge,
1161 2045 1314 2130 Michael,
1337 2046 1478 2112 Recken·

309 2152 393 2231 dorf,
412 2153 554 2240 Riekert,
578 2153 687 2241 Steup,
706 2153 916 2240 Studniczka,
934 2153 1152 2219 Weissenfels.
1186 2152 1249 2217 Per
1273 2175 1328 2218 sex
1351 2175 1478 2219 menses

308 2259 356 2324 ibi
388 2265 535 2327 versatus
567 2261 651 2328 hanc
684 2263 803 2328 almam
835 2263 1016 2327 litterarum
1049 2261 1157 2326 sedem
1184 2259 1384 2343 Lipsiensem
1414 2260 1478 2326 adii

310 2365 488 2451 studiisque
519 2368 651 2434 incubui
681 2368 900 2454 philologieis.
945 2368 1054 2452 Atque
1086 2368 1309 2432 instmxerunt
1337 2388 1388 2431 me
1416 2367 1478 2433 viri

308 2471 482 2537 clarissimi
497 2473 535 2538 de
549 2472 687 2559 Bahder,
702 2475 901 2560 Brugmann,
912 2472 1091 2553 Oichorius,
1101 2472 1338 2558 Gardthausen,
1348 2472 1478 2558 Heinae,

308 2575 402 2664 Holz,
417 2578 592 2666 Hofmann,
612 2581 777 2667 Immiseh,
795 2581 999 2666 Lampreeht,
1012 2579 1151 2664 Lipsius,
1165 2573 1320 2664 Ribbeck,
1336 2578 1476 2664 Richter,

309 2682 488 2773 8111111111,
512 2686 647 2772 8111111,
670 2687 897 2766 Wachsmuth,
920 2686 1052 2752 Wundt.

397 2790 458 2857 Fui
482 2794 602 2860 sodalis
626 2795 819 2860 ordinarius:

351 2898 577 2981 proseminarii
590 2900 753 2984 philologi
767 2901 953 2965 moderante
963 2899 1119 2967 Immisch
1133 2899 1254 2984 perbis
1270 2921 1326 2965 sex
1339 2920 1476 2982 menses,

353 3004 522 3068 seminarii
544 3005 705 3092 philologi
728 3005 971 3072 moderantibus
994 3006 1135 3091 Lipsius,
1158 3004 1319 3092 Ribbeck,
1341 3006 1477 3074 Wachs-

440 3111 534 3175 muth
558 3116 688 3196 parter
712 3135 768 3179 sex
791 3134 926 3196 menses,

351 3215 518 3282 seminarii
531 3217 679 3285 historici
698 3220 883 3286 moderante
898 3219 1115 3285 Wachsmuth
1129 3242 1188 3304 per
1202 3223 1251 3284 ter
1270 3239 1326 3285 sex
1340 3241 1476 3306 menses,

439 3325 628 3390 moderante
652 3324 822 3392 Oichorius
845 3313 977 3410 perbis
1001 3348 1057 3391 sex
1081 3348 1218 3410 menses,

350 3431 578 3514 proseminarii
606 3430 790 3498 Germanici
818 3433 1006 3498 moderante
1034 3433 1073 3498 de
1101 3431 1228 3497 Bahder
1256 3454 1315 3517 per
1342 3432 1392 3498 bis
1420 3455 1475 3498 sex

439 3559 575 3622 menses,
599 3538 785 3605 moderante
810 3537 937 3606 8111111
961 3561 1019 3624 per
1042 3543 1197 3604 semestre
1219 3539 1374 3624 spatium,

351 3643 516 3708 seminarii
534 3644 746 3732 paedagogici
765 3646 953 3712 moderante
968 3645 1098 3712 Richter
1117 3666 1175 3729 per
1193 3645 1244 3711 bis
1264 3667 1319 3711 111
1333 3667 1475 3730 menses3

395 3753 491 3836 atque
519 3750 718 3816 admiserunt
747 3775 798 3817 me
828 3752 867 3818 ad
897 3752 1068 3818 societates
1090 3741 1221 3836 Lipsius
1251 3774 1309 3836 per
1333 3753 1473 3838 spatium

306 3849 470 3939 semestre,
493 3855 640 3922 Ribbeck
663 3863 696 3923 et
718 3857 886 3925 Oiehorius
910 3859 1040 3942 perbis
1064 3881 1119 3924 sex
1143 3880 1278 3924 menses.

394 3961 517 4038 Quibus
536 3964 615 4029 viris
635 3965 783 4030 omnibus
803 3966 944 4051 gratiam
962 3964 1067 4031 habeo
1087 3966 1261 4030 maximam
1286 3987 1474 4050 semperque

304 4068 446 4154 habeb03
477 4068 626 4153 inprimis
656 4092 732 4135 vero
761 4070 979 4136 Wachsmuth
1006 4075 1039 4136 et
1071 4070 1256 4157 Oiehorius,
1282 4072 1338 4157 qui
1366 4071 1474 4136 studia

306 4197 378 4240 mea
400 4175 705 4242 benevolentissime
723 4177 888 4262 fovebant,
905 4178 960 4262 pio
980 4180 1139 4263 gratoque
1159 4178 1268 4244 animo
1286 4199 1473 4263 prosequar.

782 4463 993 4472 —-.——....
