3498 5202
742 371 960 436 ...13...

266 530 380 598 mihlio
404 530 601 614 assentieris,
624 530 731 616 quoad
754 531 887 596 omnino
911 531 1036 596 scilicet
1057 531 1215 617 Polybius
1239 553 1352 598 censor
1374 534 1434 598 cle-

265 659 356 703 mens
380 635 443 703 dioi
465 639 584 722 potest.
1353 645 1355 648 ’

306 766 308 774 ’
350 741 399 806 De
414 742 552 809 Zenonis
568 765 664 827 opere
683 744 786 810 multo
801 739 1006 829 pluraquam
1022 744 1060 810 de
1074 743 1282 811 Antisthenis
1300 745 1434 831 liquent.

262 849 372 915 Zenon
396 871 522 935 quoque
546 871 584 914 ex
608 871 719 915 eorum
742 872 878 916 numero
901 851 974 935 fuit,
992 851 1048 937 qui
1070 851 1110 916 aa
1132 853 1214 916 κατὰ
1236 849 1335 938 μέρος
1358 873 1433 917 con-

263 956 466 1046 scripserunt.
513 954 613 1022 Ouios
645 957 692 1021 rei
725 957 787 1022 duo
821 960 935 1023 extant
963 957 1168 1040 testimonia,
1196 959 1339 1042 primum
1366 959 1435 1024 Pol.

262 1061 340 1127 XVI
361 1063 455 1147 14,1,
478 1063 618 1128 alterum
640 1062 1020 1149 Laert.Diog.V1135:
1052 1057 1114 1148 Ιτὴν
1142 1062 1296 1130 ἐντόπιον
1318 1087 1435 1150 γεγρα-

263 1168 334 1252 φὼς
357 1168 515 1251 ἱστορίαν.
560 1161 675 1255 Neque
698 1191 775 1235 vero
798 1169 948 1235 Rhodum
975 1171 1117 1254 patriam
1146 1171 1251 1236 solam
1282 1171 1434 1256 respexit,

263 1275 317 1338 sed
346 1275 420 1340 aliis
449 1297 577 1361 quoque
605 1277 643 1340 de
675 1277 863 1341 civitatibus
896 1281 930 1342 et
961 1277 1070 1362 regnis
1103 1278 1184 1362 egit:
1217 1277 1256 1342 de
1280 1275 1434 1343 Graeciae

262 1379 365 1465 ipsius
393 1382 488 1446 rebus
519 1379 971 1470 (P01.XV116,1-17‚7);
1006 1383 1045 1448 de
1077 1405 1202 1469 pugna,
1235 1405 1333 1468 quam
1367 1385 1433 1447 An-

260 1488 388 1553 tiochus
403 1492 436 1552 et
449 1487 653 1554 Ptolemaeus
670 1489 757 1575 apud
771 1489 910 1554 Panium
924 1490 1156 1556 commiserunt
1176 1488 1270 1577 (XVI
1286 1491 1326 1554 18
1341 1489 1435 1574 sqq),

253 1594 416 1659 'nimirum
431 1593 568 1660 aliarum
583 1619 711 1682 quoque
725 1618 833 1662 rerum
848 1596 1062 1682 publicarum,
1077 1618 1159 1681 quae
1174 1595 1225 1662 his
1238 1595 1434 1681 fragmentis

263 1698 400 1765 exilibus
418 1703 668 1786 praetermissae
688 1707 774 1788 sunt,
792 1704 952 1768 rationem
972 1703 1072 1769 duxit.
1099 1701 1213 1789 Neque
1233 1702 1326 1787 quasi
1344 1724 1436 1788 prae

261 1807 381 1872 teriens
404 1809 464 1874 has
487 1831 539 1874 res
562 1810 686 1896 tetigit,
711 1809 767 1876 sed
791 1808 965 1896 diligenter
992 1809 1031 1875 de
1062 1809 1108 1875 eis
1137 1809 1337 1895 disquisivit:
1361 1830 1434 1875 oum

219 1901 221 1904 ⁵
261 1913 398 1979 Nabidis
432 1915 575 2000 quidem,
608 1915 938 1982 Lacedaemoniorum
976 1918 1122 2002 tyranni,
1155 1916 1218 1981 iter
1250 1917 1433 1983 Messenen

259 2019 382 2086 factum
416 2021 625 2107 describeret,
658 2023 768 2088 omnia
798 2022 865 2088 fere
894 2024 980 2107 loca,
1008 2023 1059 2087 vel
1089 2023 1320 2102 minutissima,
1344 2023 1433 2088 dictu
1517 2052 1519 2056 ¹
1634 2089 1638 2098 ,

260 2149 361 2211 paene
384 2128 530 2214 indigna,
553 2151 611 2215 per
640 2151 722 2215 quae
745 2127 850 2194 Nabis
873 2128 1038 2214 profectus
1062 2132 1126 2213 est,
1150 2128 1280 2214 singula
1303 2150 1434 2194 enume-
1512 2183 1515 2190 .

261 2235 347 2301 ravit
370 2231 454 2321 (Pol.
473 2233 553 2299 XVI
573 2236 613 2301 16
624 2233 696 2321 sq).
1052 2303 1054 2307 ,

349 2341 518 2427 Temporis
552 2364 679 2427 quoque
712 2344 868 2428 spatium,
898 2343 983 2429 quod
1006 2342 1147 2426 Zenonis
1175 2341 1259 2407 libro
1288 2363 1433 2426 eompre-

261 2447 470 2528 hendebatur,
490 2449 606 2513 melius
626 2433 848 2515 circumscribi
865 2453 976 2534 potest
995 2472 1092 2535 quam
1111 2446 1328 2515 Antisthenis.
1351 2447 1432 2514 Cum

262 2555 348 2620 enim
371 2577 436 2640 ree,
460 2577 541 2640 quas
564 2554 724 2640 Polybius
748 2579 787 2621 ex
810 2556 938 2622 Zenone
962 2557 1089 2635 attulit,
1113 2578 1225 2621 omnes
1255 2555 1349 2620 annis
1373 2560 1432 2621 aut

263 2661 325 2726 201
347 2665 404 2724 aut
424 2661 487 2728 198
511 2662 696 2747 acciderint,
714 2661 875 2728 Diodorus
895 2662 1038 2728 affirmat
1056 2660 1101 2751 (V
1116 2663 1169 2746 56,
1184 2660 1217 2749 7)
1237 2662 1277 2726 de
1301 2661 1433 2745 fabulis,

260 2790 343 2854 quae
367 2768 407 2832 ad
430 2768 575 2834 colonias
595 2767 734 2834 Graecas
753 2768 860 2836 Rhodi
883 2770 918 2834 in
939 2769 1047 2835 insula
1066 2769 1212 2836 conditas
1235 2770 1431 2854 pertineant,

260 2897 334 2940 cum
358 2875 438 2941 alios
462 2878 530 2940 tum
555 2875 718 2941 Zenonem
742 2877 858 2960 egisse.
902 2875 997 2942 Unde
1021 2875 1159 2942 efficitur
1183 2874 1323 2942 Zenonis
1347 2897 1430 2960 opus

259 2981 333 3046 inde
365 2982 405 3047 ab
434 2982 614 3067 originibus
642 3004 745 3068 usque
776 2983 817 3048 ad
848 2983 1016 3066 scriptoris
1048 2983 1149 3067 ipsius
1182 2985 1323 3047 aetatem
1357 3004 1434 3068 pro-

260 3085 437 3174 cessissel).

348 3195 437 3271 Quae
460 3218 533 3261 cum
555 3196 604 3262 ita
627 3197 702 3281 sint,
720 3197 891 3262 historiam
912 3197 1048 3262 Zenonis
1068 3197 1150 3262 satis
1174 3197 1317 3281 amplam
1337 3217 1433 3282 gran·
1519 3275 1522 3280 Ι

260 3302 396 3386 demque
405 3300 506 3367 fuisse
517 3323 646 3368 necesse
662 3307 726 3388 est;
741 3303 827 3388 quod
838 3303 938 3388 igitur
948 3303 1096 3369 Laertius
1108 3302 1272 3389 Diogenes
1284 3301 1363 3388 (VII
1373 3299 1432 3385 35)
1549 3311 1551 3316 '

261 3406 420 3473 Zenonem
443 3407 526 3473 dixit
548 3408 716 3475 historiam
739 3410 867 3494 patriae
890 3411 1113 3495 composuisse
1132 3406 1263 3495 caree),
1287 3431 1349 3475 vox
1374 3408 1433 3474 illa

360 3601 386 3672 1)
405 3600 501 3656 Finem
529 3600 664 3657 historiae
693 3600 848 3657 Zenonioae
875 3602 956 3657 annis
987 3603 1046 3657 fere
1074 3608 1214 3658 lot-163
1245 3601 1333 3657 fnisse
1359 3601 1434 3656 infra

259 3706 397 3760 exponere
434 3689 556 3745 conabor
587 3693 625 3762 (p.
645 3693 697 3761 72).
744 3690 859 3746 Trieber
895 3691 1022 3762 (Hermes
1058 3692 1163 3746 XXVII
1191 3694 1254 3762 338)
1291 3692 1429 3746 Zenonem

257 3779 360 3834 librum
379 3781 446 3835 ante
464 3779 548 3833 Ennii
566 3781 684 3834 mortem
703 3779 857 3835 confecisse
875 3780 1004 3849 coniecit,
1023 3795 1116 3835 merae
1134 3783 1230 3834 tamen
1248 3779 1427 3835 coniecturae

258 3868 419 3938 indulgens,
457 3867 557 3937 Neque
585 3868 638 3922 hoo
665 3867 782 3923 Trieber
808 3868 874 3922 ullis
907 3869 1080 3938 argumentis
1112 3868 1320 3938 comprobavit,
1353 3869 1430 3937 quod

259 3958 398 4013 Zenonem
426 3957 461 4011 de
489 3958 622 4026 quattuor
650 3956 726 4012 orbis
753 3958 892 4012 terrarum
920 3957 1046 4027 imperiis
1073 3952 1195 4028 primum
1220 3957 1305 4012 verba
1328 3957 1431 4012 fecisse

259 4045 417 4116 suspicatus
441 4047 493 4100 est.
530 4046 605 4100 Illud
628 4048 725 4102 tamen
747 4045 807 4102 viro
831 4047 913 4102 docto
937 4045 1075 4102 assentior
1094 4046 1234 4102 Zenonem
1257 4064 1275 4102 a
1297 4045 1427 4117 partibus

259 4133 449 4190 Romanorum
466 4133 562 4190 fuisse.
920 4151 923 4157 ·

347 4226 374 4293 2)
394 4219 480 4292 ἑνιέα,
499 4241 556 4278 non
574 4219 695 4293 ἑνιαίαν,
714 4224 791 4293 quod
809 4224 901 4278 adhue
919 4225 1082 4295 putabatur,
1097 4224 1241 4280 codicibus
1255 4224 1361 4279 haertii
1381 4240 1426 4278 ex-

258 4311 350 4366 hiberi
365 4312 550 4368 Waohsmuth
568 4312 690 4383 benigne
703 4313 774 4367 mihi
793 4313 930 4382 exposuit.
957 4301 1146 4384 Coniecturae,
1162 4312 1264 4382 quibus
1283 4312 1337 4367 viri
1351 4312 1429 4367 docti

159 4424 162 4430 ¹
259 4416 356 4454 vocam
383 4397 495 4458 ἑνιαίαν
520 4401 658 4474 corrigere
686 4403 866 4472 studuerunt,
893 4401 1018 4458 invenies
1047 4403 1123 4473 apud
1150 4401 1317 4457 Muellerum
1340 4401 1427 4472 (I'HG

257 4487 298 4542 III
312 4495 363 4544 174
373 4491 433 4562 sq).
