3498 5202
799 361 1019 424 „12..

414 519 466 585 Ex
489 519 614 585 duobus
638 519 710 584 aliis
734 518 917 586 Zenonibus
941 519 1020 585 item
1044 541 1154 585 rerum
1182 522 1411 608 scriptoribus,
1438 525 1495 609 qui

322 627 408 712 apud
422 631 547 694 veteres
567 630 796 712 memorantur,
810 627 918 692 neutri
932 649 1005 692 cum
1020 627 1147 693 Rhodio
1165 629 1250 694 ratio
1270 633 1333 695 est:
1354 629 1494 696 alterum

323 735 408 799 enim
441 734 590 800 Laertius
623 732 797 820 Diogenes
821 731 885 800 VH
904 733 947 801 35
980 756 1000 798 a
1031 733 1159 800 Rhodio
1192 737 1352 820 expressis
1385 739 1494 805 verbis

321 840 525 926 distinguens
549 840 587 906 de
606 839 727 926 Pyrrhi
751 840 953 926 expeditione
977 841 1012 905 in
1030 840 1161 906 Italiam
1185 846 1219 907 et
1237 839 1383 909 Siciliam
1406 843 1494 910 iacta

322 951 355 1013 et
373 947 411 1012 de
429 947 525 1013 bellis
543 947 675 1012 Punicis
695 947 862 1032 scripsisse
881 947 975 1034 dicit;
993 968 1113 1013 nomen
1126 948 1274 1043 alterius,
1294 972 1391 1036 quem
1410 949 1493 1037 Syn-

322 1054 422 1120 cellus
445 1051 524 1142 (167
544 1054 574 1118 A
594 1084 637 1108 =
655 1053 746 1119 ΒΗΘ
769 1052 820 1118 ΠΙ
840 1051 919 1142 626)
947 1053 986 1119 de
1015 1051 1227 1120 Semiramide
1255 1057 1353 1121 verba
1376 1055 1491 1123 fecisse

322 1160 503 1240 contendit,
540 1159 677 1226 Mueller
714 1159 820 1246 (PHG
841 1159 893 1226 III
914 1157 992 1248 174)
1025 1183 1083 1226 suo
1121 1161 1190 1226 iure
1223 1183 1262 1226 ex
1294 1161 1422 1228 Zenone
1459 1165 1492 1229 in
1531 1188 1532 1192 ¹

322 1266 484 1334 Dinonem
508 1267 730 1333 commutavit.

409 1392 486 1458 Ideo
516 1392 568 1458 ad¹
586 1391 757 1478 Polybium
789 1392 970 1478 redeamus3
994 1367 1040 1459 ‘ut
1068 1390 1280 1459 Antisthenes
1313 1386 1361 1458 ita
1393 1393 1492 1460 etiam

320 1500 431 1565 Zenon
454 1500 489 1564 in
512 1522 546 1564 re
569 1499 700 1585 publica
724 1499 984 1564 administranda
1001 1503 1160 1584 versatus,
1178 1499 1337 1566 nobilium
1355 1522 1491 1566 numero
1509 1583 1515 1592 Ι

320 1606 501 1692 adscriptus
534 1604 641 1692 estl).
671 1605 834 1686 Zenonem
866 1628 1002 1692 quoque·
1025 1607 1236 1692 locupletem¹
1255 1609 1288 1700 et
1324 1607 1491 1692 copiosum

321 1714 422 1778 fuisse
446 1712 521 1777 inde
543 1712 749 1798 perspicuum
773 1716 831 1798 est,
850 1713 937 1799 quod
959 1735 1026 1779 non
1045 1716 1199 1799 quaestus
1223 1715 1329 1798 gratia
1353 1714 1491 1800 scripsit,

323 1819 380 1885 sed
402 1822 439 1884 ut
461 1819 613 1919 gloriam.
628 1818 859 1904 adipisceretur
882 1817 965 1906 (Pol.
984 1818 1065 1886 XVI
1085 1821 1136 1905 14,
1150 1817 1194 1906 3).
1240 1819 1364 1884 Eadem
1392 1821 1491 1885 etiam
1613 1849 1615 1852 ·

325 1949 363 1992 ex
388 1926 601 2011 epistularum
626 1927 817 1991 commercio
846 1926 1014 2012 discimus,
1037 1926 1124 2013 quod
1150 1927 1234 1991 inter
1258 1925 1428 2012 Polybium
1457 1931 1490 1992 et

321 2033 484 2098 Zenonem
509 2036 579 2098 erat
602 2029 694 2120 (XVI
712 2034 765 2118 20,
779 2031 908 2120 5sqq.);
936 2033 974 2098 de
997 2056 1062 2119 quo
1085 2032 1227 2098 referens
1250 2032 1408 2118 Polybius
1432 2034 1489 2119 eis,

324 2141 379 2226 qui
404 2141 532 2224 legunt,
555 2161 589 2204 se
617 2144 751 2206 excusat
773 2139 835 2206 hoc
862 2129 986 2206 modo:v
1002 2141 1134 2206 minime
1162 2140 1283 2204 invidia
1306 2145 1490 2225 permotum

324 2269 358 2312 se
381 2247 520 2312 Zenonis
545 2269 670 2312 errores
694 2247 879 2332 correxisse,
898 2246 954 2312 sed
977 2247 1130 2313 utilitatis
1148 2246 1298 2331 publicae
1317 2269 1428 2333 causa,
1451 2269 1489 2312 ex

319 2354 436 2439 quibus
477 2357 510 2418 et
546 2376 584 2418 ex
624 2354 796 2438 permultis
834 2353 906 2419 aliis
943 2355 1039 2420 rebus
1077 2353 1284 2440 cognoscitur
1319 2353 1490 2439 Polybium

320 2460 511 2545 scriptorem
534 2459 698 2525 Rhodium
726 2462 833 2547 ipsum
862 2462 1032 2546 permagni
1061 2461 1250 2529 aestimasse
1279 2482 1414 2546 eumque
1438 2483 1489 2527 ca·

319 2567 429 2633 villari
466 2567 604 2631 veritum
642 2589 721 2633 esse.
771 2567 1036 2633 Manifestissime
1073 2570 1182 2633 autem
1218 2589 1270 2632 res
1307 2566 1490 2633 declaratur

319 2671 460 2738 Zenonis
481 2694 636 2758 responso
660 2671 973 2761 (P01.XV120,7).
1020 2673 1194 2759 Scriptoris
1217 2672 1337 2738 Rhodii
1359 2674 1488 2739 urbani-

321 2782 425 2844 tatem
449 2783 482 2844 et
503 2761 742 2846 liu'manitatem
764 2781 810 2846 eis
833 2781 941 2846 verbis
963 2780 1181 2866 politissimis,
1205 2781 1323 2866 quibus
1347 2802 1487 2846 errorem

322 2908 427 2951 suumv
454 2886 596 2952 libenter
632 2908 735 2972 neque
775 2888 911 2953 moleste
952 2887 1101 2972 agnovit,
1137 2885 1300 2952 evidenter
1340 2886 1488 2971 patefieri

323 2978 484 3060 existimo.
514 2993 615 3059 Recte
634 2993 735 3080 igitur
754 2990 948 3079 Susemih12)
967 2991 1097 3078 Polybii
1115 3014 1283 3058 censuram
1302 2993 1341 3058 de
1360 2992 1487 3059 Zenone

195 3167 198 3170 .
319 3099 469 3165 habitam
495 3100 660 3186 exemplar
683 3100 912 3184 disputationis
932 3101 993 3164 etsi
1013 3121 1143 3165 severae
1161 3104 1271 3165 tamen
1289 3100 1487 3166 verecundae

319 3209 351 3271 et
380 3206 513 3275 decorae
543 3210 632 3272 ratus
663 3207 961 3293 argumentationes
991 3206 1104 3272 reiecit
1127 3203 1416 3294 Brancsraerern),
1440 3205 1487 3272 La
1579 3206 1582 3212 ’

320 3311 479 3400 Roobii4),
498 3311 653 3401 Scalae5),
672 3311 847 3399 Polybium
867 3312 1073 3380 acerbissime
1092 3313 1125 3378 in
1144 3313 1306 3379 Zenonem
1324 3313 1487 3380 invectum

319 3442 390 3485 esse
418 3420 682 3486 asseverantium.
727 3420 831 3486 Immo
859 3420 922 3485 hoo
951 3420 1114 3486 existimo:
1147 3442 1211 3505 quo
1243 3421 1337 3505 plura
1368 3419 1487 3486 iudicia
1513 3482 1520 3494 ,

319 3527 506 3610 contuleris,
529 3548 612 3611 quae
634 3526 791 3612 Polybius
815 3527 886 3591 aliis
910 3525 949 3590 de
972 3527 1182 3610 scriptoribus
1205 3525 1296 3610 fecit,
1320 3549 1357 3592 eo
1380 3527 1506 3610 magis·

321 3653 489 3696 censuram
510 3631 704 3697 Zenonicam
724 3633 809 3696 inter
827 3632 1015 3697 mitissimas
1037 3633 1199 3697 numerari
1223 3637 1372 3717 oportere
1392 3631 1485 3698 Suse-

317 3877 342 3914 v.
361 3858 520 3928 Pergamon
537 3859 563 3912 Π
581 3863 701 3914 n.1015.
718 3864 794 3915 1016.
820 3841 962 3928 Inscriptt.
978 3859 1074 3916 Gracc.
1090 3859 1143 3915 Sic.
1159 3862 1188 3916 et
1201 3861 1265 3916 Ital.
1283 3879 1311 3918 n.
1326 3867 1403 3932 2393,
1420 3866 1485 3930 260,

320 3951 399 4016 2393,
414 3952 473 4002 331.
503 3946 656 4017 Catalogue
675 3947 707 4001 of
722 3947 771 4001 the
790 3947 881 4002 Greek
899 3947 977 4002 coins
995 3948 1027 4003 of
1042 3948 1091 4003 the
1110 3949 1216 4004 British
1233 3949 1369 4004 Museum.
1402 3948 1485 4004 Coins

319 4034 351 4090 of
367 4034 457 4105 (laria,
473 4035 533 4106 (los,
548 4035 662 4090 Rhodos
681 4037 747 4105 etc,
766 4035 810 4091 ed.
828 4035 866 4104 by
879 4035 968 4091 Head.
986 4037 1110 4093 London.
1131 4043 1207 4092 1897.
1226 4055 1253 4108 p.
1269 4042 1329 4092 254.
1349 4044 1399 4093 261
1411 4037 1484 4108 (bis).
1583 4071 1585 4078 =

409 4127 435 4194 1)
454 4123 494 4180 cf.
512 4123 572 4180 Pol.
587 4123 652 4178 XVI
666 4130 708 4192 rr,
723 4129 747 4177 3.
769 4130 810 4194 rr,
826 4131 850 4180 e.
871 4130 912 4195 17,
928 4131 968 4180 11.
1002 4125 1100 4180 uaeas
1128 4125 1215 4181 eciam
1237 4145 1284 4198 pp.
1300 4133 1346 4194 3e;
1371 4133 1417 4196 53,
1442 4132 1485 4182 oo.

406 4215 434 4282 2)
454 4211 620 4268 Gesehiohte
639 4213 689 4268 der
707 4213 849 4269 alexandr.
868 4213 935 4270 Litt.
951 4215 1042 4269 11116
1062 4215 1126 4271 adn.
1143 4221 1202 4270 121.

404 4303 432 4370 3)
451 4300 619 4356 Geschichte
638 4301 687 4356 des
706 4301 789 4358 aetol.
808 4302 918 4358 Landes
936 4322 963 4373 p.
979 4308 1039 4359 240.
1130 4373 1132 4376 Ι

404 4392 431 4460 4)
451 4389 676 4445 Charakteristilr
695 4391 744 4445 dea
761 4390 894 4460 Polybios
911 4409 939 4462 p.
955 4397 996 4446 80.

405 4481 432 4549 b)
449 4477 503 4533 Die
521 4477 640 4535 Studien
658 4479 707 4534 des
726 4479 857 4550 Polybios
875 4498 902 4550 p.
918 4486 960 4549 38,
981 4479 1045 4537 adn.
1061 4487 1089 4550 13
1108 4500 1135 4552 p.
1150 4487 1210 4539 293.
