3498 5202
796 355 1015 421 ...14-

324 517 461 582 obscura
474 516 522 579 ita
536 513 736 579 emendanda
750 517 810 598 est,
824 519 862 580 ut
874 515 992 581 ultima
1007 515 1119 580 littera
1138 539 1159 579 u
1178 515 1298 580 omissa
1317 515 1494 581 scribatur:

188 617 191 623 ’
324 619 360 686 ἐν
384 623 427 704 ἴε,
450 620 631 706 quindecim
655 620 756 685 libris.

412 726 483 792 Iam
512 749 623 795 rursus
650 726 824 818 Polybium
857 728 946 794 adire
981 732 1123 814 oportet,
1150 733 1188 795 ut
1216 729 1328 813 quanti
1355 729 1493 795 Zenonis

325 834 467 899 historia
491 834 693 899 aestimanda
717 835 769 918 sit,
793 835 960 900 diiudicari
983 836 1096 920 possit.
1137 832 1283 921 Scriptor
1306 839 1413 900 autem
1437 836 1494 902 ille

325 940 561 1023 severissimus,
581 940 637 1025 qui
656 941 845 1024 saepissime
864 941 946 1007 alios
969 941 1145 1007 historicos
1164 943 1319 1008 conviciis
1342 943 1494 1008 iracunde

325 1050 532 1112 consectatus
557 1052 616 1130 est,
635 1049 669 1111 in
687 1045 814 1112 Zenone
833 1049 976 1131 plurima
993 1048 1148 1134 laudavit,
1167 1049 1364 1134 vituperavit
1382 1071 1494 1134 pauca.

325 1153 450 1229 Quibus
474 1153 674 1238 criminibus,
699 1158 856 1238 quantum
879 1154 1085 1220 tribuendum
1111 1155 1168 1239 sit,
1191 1160 1228 1220 ut
1251 1177 1495 1242 cognoscamus,

324 1282 409 1324 nunc
433 1259 561 1344 singula
585 1260 692 1324 animo
715 1261 958 1343 perlustramus.

415 1366 464 1430 Ac
486 1367 629 1451 primurn
652 1366 782 1450 quidem
805 1366 975 1452 Polybius,
1000 1368 1085 1453 quod
1108 1368 1268 1440 Zenonem
1298 1369 1393 1434 simul
1422 1392 1495 1436 cunr

326 1473 522 1538 Antisthene
559 1476 692 1556 propter
728 1473 863 1539 nimium
902 1475 1027 1558 patriae
1061 1497 1203 1541 amorem
1237 1476 1496 1561 reprehenderat,

326 1583 440 1665 postea
472 1579 543 1663 ipss
576 1579 609 1642 id
637 1579 753 1645 vitium
783 1581 998 1646 excusationis
1032 1581 1154 1667 aliquid
1184 1583 1304 1647 habere
1337 1585 1496 1649 concessit

327 1685 421 1773 (XVI
442 1687 492 1764 14,
508 1687 552 1768 6).
588 1685 712 1751 Deinde
735 1708 811 1752 vero
831 1686 994 1753 Zenonem
1018 1689 1123 1754 solum
1142 1689 1336 1774 obiurgavit,
1355 1691 1440 1774 quod
1462 1692 1497 1755 in

326 1795 424 1858 rebus
448 1792 704 1877 topographicis,
722 1796 760 1857 ut
782 1794 829 1857 ita
849 1793 965 1878 dicam,
983 1799 1033 1860 ter
1051 1799 1230 1880 peccasset:
1255 1797 1393 1880 scriptor
1410 1797 1496 1863 Rho·

328 1901 399 1964 dius
419 1899 504 1964 enim
519 1899 602 1985 (Pol.
617 1897 696 1963 XVI
711 1895 768 1985 16)
783 1897 953 1984 Nabidem,
972 1923 1045 1966 cum
1060 1901 1300 1967 Lacedaemone
1314 1903 1496 1968 Messanam

328 2007 597 2090 proficisceretur,
615 2027 673 2089 per
692 2003 862 2070 Sellasiam
882 2006 944 2070 iter
966 2007 1146 2073 instituisse
1166 2010 1386 2093 contenderat3
1410 2011 1496 2094 quod

328 2117 439 2178 tamen
463 2111 570 2177 Zenon
594 2112 663 2195 ipse
688 2113 828 2195 epistula
851 2113 909 2177 illa
933 2112 973 2178 ad
992 2112 1164 2198 Polybium
1188 2116 1289 2180 missa
1311 2117 1344 2181 in
1368 2117 1497 2182 irritum

328 2219 506 2284 vindicavit
537 2217 631 2304 (XVI
650 2220 708 2302 20,
724 2216 767 2305 7).
813 2218 903 2283 Idem
935 2219 1046 2285 Zenon
1077 2218 1170 2307 (XVI
1190 2223 1240 2305 17,
1260 2218 1295 2309 1)
1327 2220 1498 2308 Nabidem,

329 2349 401 2392 cunr
420 2325 569 2390 Messena
587 2324 862 2390 Lacedaemonem
885 2330 1114 2412 reverteretur,
1138 2349 1304 2412 egressum
1327 2350 1397 2394 esse
1415 2331 1498 2394 suad

328 2433 390 2516 τὴν
415 2433 524 2515 πύλην
551 2432 612 2515 τὴν
641 2429 812 2517 φέρουσαν
841 2429 893 2496 ἐπὶ
921 2431 1045 2516 Τέγεαν
1073 2434 1205 2499 dixerat.
1251 2434 1290 2498 In
1320 2437 1366 2500 eis
1390 2436 1497 2502 verbis

329 2560 425 2604 nemo
448 2539 516 2603 fere
539 2542 665 2623 praeter
683 2536 864 2624 Polybium,
886 2539 1129 2626 obiurgatorem
1151 2541 1242 2605 illum
1266 2563 1373 2607 rerum
1396 2544 1496 2626 pusil-

329 2647 445 2730 larum,
468 2644 585 2709 vitium
608 2644 826 2730 indagaverit3
849 2645 904 2710 ille
928 2650 1037 2711 tamen
1061 2646 1183 2713 Zenoni
1207 2648 1376 2713 dicendum
1399 2649 1498 2714 fuisse

330 2750 434 2816 voluit
458 2753 513 2815 aut
535 2751 617 2814 κατὰ
640 2752 700 2835 τὴν
723 2753 832 2835 πύλην
854 2753 916 2836 τὴν
938 2750 1109 2837 φέρουσαν
1132 2751 1184 2818 ἐπὶ
1205 2754 1367 2837 Μεγάλην
1389 2759 1497 2840 πόλιν,

330 2859 415 2922 hanc
442 2857 529 2921 enim
557 2857 669 2922 urbem
698 2855 794 2943 (quae
822 2857 952 2943 Polybii
978 2861 1085 2942 patria
1116 2858 1214 2945 orati)
1237 2861 1404 2928 Messenae
1427 2886 1499 2948 pro·

330 2963 453 3047 piorem
486 2984 556 3028 esse
589 2986 685 3049 quarn
717 2963 868 3050 Tegeam,
897 2968 953 3029 aut
984 2965 1066 3029 κατὰ
1098 2966 1159 3049 τὴν
1190 2967 1301 3048 πύλην
1332 2972 1497 3054 Τεγεᾶτιν,

330 3070 414 3135 hanc
433 3069 517 3134 enim
537 3074 666 3153 portam
686 3092 720 3134 re
739 3092 816 3135 vera
835 3070 1003 3136 Messenae
1021 3072 1169 3138 inveniri.
1199 3073 1345 3139 Tertium
1364 3075 1498 3161 denique

330 3176 446 3242 vitium
475 3175 630 3261 Polybius
660 3175 751 3262 (XVI
772 3178 821 3262 ll,
836 3173 871 3264 5)
899 3177 1063 3244 Zenonem
1090 3179 1288 3244 commisisse
1316 3181 1499 3266 declaravit,

331 3283 418 3369 quod
438 3283 600 3368 Alpheum
624 3306 751 3349 amnem
772 3285 881 3350 statim
905 3289 981 3369 post
998 3283 1123 3351 fontem
1147 3286 1265 3351 iterum
1284 3290 1404 3353 terram
1424 3290 1499 3354 sub-

331 3395 460 3455 euntem
484 3390 524 3455 ad
547 3389 690 3475 Lycoam
716 3390 853 3476 demum,
877 3389 1034 3457 Arcadiae
1058 3393 1222 3477 oppidum,
1244 3393 1279 3458 in
1301 3394 1405 3459 lucem
1428 3418 1500 3480 pro-

331 3498 399 3562 dire
418 3497 626 3562 narravisset.
659 3497 815 3581 Polybius
835 3501 948 3562 contra
963 3498 1126 3582 Alpheum
1146 3498 1255 3564 decem
1275 3500 1380 3566 solum
1395 3502 1500 3567 stadia

332 3603 392 3668 sub
415 3606 503 3666 terra
526 3602 613 3687 ferri,
632 3603 746 3666 deinde
771 3603 909 3668 ducenta
929 3604 1035 3668 stadia
1057 3627 1158 3690 usque
1183 3605 1223 3670 ad
1241 3605 1383 3690 Lycoam
1402 3609 1500 3673 fluere

332 3705 551 3795 affirmavit1).
597 3709 669 3785 Qua
690 3709 723 3773 in
753 3732 787 3774 re
810 3709 997 3794 Polybium,
1025 3715 1062 3775 ut
1090 3712 1194 3776 virum
1221 3712 1255 3776 in
1278 3711 1500 3798 Peloponneso

331 3820 453 3900 natum,
477 3815 610 3898 dignum
636 3837 705 3880 esse
729 3816 781 3880 cui
803 3816 882 3881 fides
906 3816 1074 3901 habeatur,
1098 3821 1242 3904 apparet.
1288 3816 1401 3906 Neque
1424 3844 1500 3887 vero

331 3922 468 3987 nimium
500 3921 576 3987 huic
609 3922 734 3988 crimini
767 3922 892 4006 demus,
923 3945 999 3988 nam
1027 3925 1111 3990 tales
1138 3947 1189 3989 res
1219 3925 1319 3990 mirae
1346 3927 1501 3992 nimirum

333 4051 469 4113 semper,
487 4051 551 4114 quo
576 4029 673 4093 latius
697 4030 939 4115 pervulgantur,
958 4052 995 4095 eo
1019 4031 1125 4116 magis
1145 4031 1178 4096 in
1201 4031 1319 4098 falsum
1343 4038 1502 4120 augentur

333 4139 366 4201 et
388 4136 423 4200 in
445 4134 549 4200 maius
573 4135 798 4219 depravantur.

425 4382 450 4450 1)
469 4378 582 4434 Nostris
600 4379 774 4450 temporibus
792 4381 941 4450 paululum
955 4382 1039 4438 aliter
1057 4400 1116 4440 rem
1131 4400 1160 4439 se
1178 4384 1283 4440 habere
1298 4385 1503 4444 demonstravit

334 4468 495 4524 Hirschfeld
514 4470 546 4541 (s.
561 4486 587 4524 v.
606 4467 750 4541 Alpheios,
768 4468 1031 4546 Pauly-Wissovva).
