3498 5202
794 401 835 410 -
883 366 925 430 74
974 402 1010 410 -

319 524 388 593 Pol.
407 523 550 590 XXXIII
568 526 591 590 4
610 555 651 578 =
671 524 764 590 Diod.
783 524 892 590 XXXI
911 527 967 592 37:
1000 525 1217 594 Aristocrates
1241 525 1388 590 Rhodius
1416 548 1488 591 cum

318 653 453 697 nummo
486 632 667 698 adulterino
696 635 916 718 comparatum
944 636 976 697 et
1003 631 1135 716 Polybii
1164 631 1267 716 ipsius
1300 632 1400 698 verba
1431 633 1490 699 illc

320 759 390 803 esse
423 737 632 805 manifestum
665 739 703 804 fit
733 739 796 804 hoc
828 741 899 805 loco
932 761 1004 805 cum
1037 737 1102 804 alio
1136 738 1276 823 quodam
1306 739 1488 824 Polybiano

321 843 444 930 (XXIX
460 844 557 931 17,2)
576 846 709 929 collat03
728 848 866 930 utroque
885 846 970 911 enim
989 845 1100 910 eadem
1119 845 1187 910 fere
1206 847 1305 910 verba
1324 846 1489 932 leguntur3

318 951 428 1016 XXIX
450 953 499 1036 17,
513 953 548 1016 2:
570 951 722 1039 καθάπερ
745 953 786 1017 td
807 953 949 1036 κίβδηλα
971 961 1039 1016 τῶν
1057 951 1270 1036 νομισμάτων
1289 953 1335 1029 εἰς
1353 953 1391 1016 τὸ
1409 962 1488 1039 πῦρ,

322 1061 355 1122 et
377 1057 519 1124 XXXIII
537 1061 568 1145 4,
583 1062 616 1126 3:
640 1061 688 1137 εἰς
705 1067 772 1143 πῦρ
790 1059 942 1144 καθάπερ
961 1059 1000 1123 τὰ
1019 1058 1160 1142 κίβδηλα
1179 1068 1246 1124 τῶν
1265 1059 1489 1144 νομισμάτων.

408 1164 534 1230 Deinde
553 1164 710 1250 Polybius
729 1165 887 1251 (XXXIII
905 1167 943 1231 17
965 1195 1007 1218 =
1026 1165 1121 1231 Diod.
1138 1164 1248 1230 XXXI
1265 1162 1325 1251 43)
1345 1165 1489 1232 Rhodios

320 1272 413 1357 quasi
435 1272 584 1338 homines
607 1276 758 1359 aegrotos
782 1293 851 1338 esse
875 1273 978 1338 voluit
1000 1295 1020 1337 u
1046 1272 1180 1338 medicis
1208 1272 1410 1358 deploratos,
1434 1273 1490 1358 qui

319 1378 357 1443 de
381 1379 485 1444 salute
508 1401 611 1463 paene
634 1380 845 1464 desperantes
869 1380 908 1445 ad
933 1379 1098 1465 quaelibet
1126 1379 1304 1445 curationis
1333 1379 1490 1445 miracula

319 1485 549 1572 confugissent.
584 1485 693 1552 Nares
713 1486 914 1552 Rhodiorum
934 1508 1070 1572 magnae
1090 1485 1197 1570 (Diod.
1213 1484 1324 1551 XXXI
1338 1485 1397 1573 38)
1416 1508 1488 1552 oum

319 1593 403 1657 ursis
422 1593 622 1660 inhabilibus
642 1598 674 1659 et
692 1594 794 1658 tardis
814 1594 1033 1679 conferuntur,
1050 1615 1123 1658 cum
1138 1591 1343 1658 Cretensium
1357 1593 1489 1678 navigia

320 1722 420 1784 parra
444 1701 536 1786 qussi
568 1722 664 1766 canes
692 1700 832 1766 venatici
861 1701 963 1784 agiles
993 1699 1071 1780 sint3
1100 1700 1155 1765 vix
1183 1700 1334 1765 credibile
1361 1699 1490 1764 videtur

321 1807 459 1872 eundem
481 1810 647 1872 auctorem
669 1807 724 1872 hic
748 1811 816 1872 tam
835 1807 1049 1891 contemptim
1069 1805 1270 1888 Rhodiorum
1293 1805 1489 1870 mentionem

320 1912 436 1978 fecisse
445 1909 480 1999 ¹),
500 1913 555 1997 qui
580 1915 675 1977 antea
698 1934 752 1978 eos
777 1913 912 1978 summis
935 1913 1084 1978 laudibus
1104 1913 1230 1980 extulit,
1265 1912 1343 1977 Inde
1367 1913 1489 1978 abhoc

323 2018 479 2103 temporis
502 2023 667 2084 momento
691 2041 767 2084 vero
791 2018 911 2085 Rhodii
934 2022 1131 2084 evanescunt
1159 2041 1263 2103 neque
1287 2019 1371 2103 apud
1394 2018 1489 2103 Poly-

308 2124 470 2191 biumein
493 2125 588 2191 libris
612 2125 687 2190 inde
710 2149 729 2191 a
751 2126 915 2192 tricesimo
939 2125 1052 2211 quinto
1081 2147 1180 2210 usque
1208 2124 1248 2190 ad
1276 2125 1373 2190 finem
1400 2147 1489 2209 repe·

321 2231 464 2312 fiuntur,
499 2254 604 2317 neque
637 2231 721 2316 apud
754 2236 878 2298 ceteros
912 2233 1085 2317 scriptores
1117 2254 1226 2297 rerum
1257 2233 1381 2297 veteres
1415 2236 1490 2297 ante

318 2338 441 2403 bellum
465 2337 721 2404 Mithridaticum
745 2335 844 2425 (anno
869 2336 935 2424 88).

408 2443 462 2509 Ad
479 2445 578 2510 finem
597 2444 742 2529 perveni;
761 2444 899 2510 Zenonis
918 2443 1019 2528 igitur
1038 2443 1195 2530 reliquiae
1214 2443 1300 2528 apud
1317 2441 1491 2527 Polybium

321 2554 434 2616 extant
456 2551 544 2617 intra
567 2552 667 2617 libros
686 2549 906 2638 IV-XXXI;
927 2572 1031 2634 neque
1050 2554 1146 2615 antea
1168 2572 1271 2636 neque
1289 2553 1404 2634 postea
1423 2551 1490 2615 cius

319 2658 459 2744 vestigia
482 2657 674 2745 investigari
697 2660 842 2743 possunt.

877 2960 939 3035 ΙΙΙ.

758 3119 1055 3218 Appendices

322 3297 350 3362 1.
387 3309 435 3364 De
466 3306 663 3363 nominibus
697 3305 907 3376 quibusdem
937 3304 1151 3363 Rhodiorum
1182 3305 1276 3374 opud
1307 3304 1491 3373 Polybium

849 3412 967 3470 obviis.

410 3587 437 3628 a.
456 3561 716 3648 Ἀγησίλοχος.
761 3562 857 3648 Apud
881 3562 1054 3647 Polybium
1072 3560 1198 3626 XXVII
1217 3562 1282 3646 3,3
1306 3562 1402 3627 huius
1427 3563 1488 3626 riri
1514 3583 1516 3586 ·

321 3691 442 3735 nomen
465 3670 629 3734 diversum
657 3671 691 3734 in
720 3669 851 3734 modum
875 3669 1033 3734 traditum
1056 3672 1119 3751 est,
1146 3690 1219 3734 oum
1247 3668 1282 3732 in
1304 3667 1492 3734 Monacensi

325 3775 390 3842 267
412 3772 472 3863 (Ν)
498 3779 597 3840 esset:
626 3769 837 3859 ἀγηόίλοχος,
861 3775 894 3839 in
918 3774 1030 3841 Ursini
1054 3775 1162 3840 codice
1189 3775 1228 3839 de
1255 3775 1491 3859 legationibus:

322 3885 512 3967 γησίλοχος;
535 3881 619 3966 apud
638 3881 765 3946 Livium
785 3885 891 3946 autern
911 3881 1003 3946 XLII
1021 3880 1109 3965 45‚3
1134 3884 1224 3946 extat
1245 3881 1364 3945 forma:
1387 3881 1491 3967 Hege-

323 3987 479 4072 siloehus3
512 4011 609 4074 qnam
633 3987 771 4053 Ursinus
794 3989 829 4054 in
852 3991 977 4052 textum
1000 3987 1215 4072 Polybianum
1237 3987 1364 4053 intulit:
1392 3981 1489 4071 Ἡγη-

322 4095 462 4180 σίλοχος.
487 4092 608 4159 Oontra
622 4093 761 4159 Hultsch
781 4094 898 4159 iterum
917 4094 1122 4159 Monacensis
1142 4092 1314 4159 lectionem
1334 4093 1490 4164 restituit:

318 4197 538 4287 Ἀγησίλοχος.

412 4394 437 4462 1)
456 4391 551 4446 Etiam
570 4391 646 4461 apud
664 4391 818 4447 Diodorum
831 4390 922 4446 XXXI
934 4398 970 4446 44
988 4391 1153 4462 scriptorem
1171 4391 1329 4464 (Polybium
1348 4391 1490 4462 nimirum)

322 4479 352 4534 in
369 4479 488 4536 Rhodiis
508 4479 658 4536 offendisse
676 4478 797 4534 Dindorf
813 4478 1021 4536 animadvertit.
