3498 5202
821 283 1039 348 —204-

346 444 439 529 quasi
463 444 633 510 adlocutus
667 447 730 526 est,
758 443 798 508 ad
825 443 954 508 litteras
982 465 1021 508 ex
1044 441 1196 508 Stratone
1225 441 1417 528 deprompta
1444 463 1515 509 esse

310 547 317 564 '
346 536 533 617 affirmaret
547 547 583 637 (l.
601 551 621 614 l.
645 573 675 633 p.
693 550 755 615 199
766 546 838 636 sq).
870 549 1042 634 Nunquam
1062 547 1236 633 Polybium
1258 551 1351 613 tanta
1374 550 1516 614 stultitia

347 660 444 742 atque
468 656 669 743 impudentia
692 655 807 720 alienis
830 656 923 720 bonis
951 655 1126 740 gloriatum
1150 677 1220 720 esse
1244 652 1356 720 Scalae
1381 656 1515 722 credam.

345 764 460 848 Neque
477 762 606 848 Polybii
630 766 698 827 erat
717 762 881 845 exemplar
900 761 941 826 ad
960 762 1087 826 litteras
1107 761 1298 846 exscribere,
1317 762 1401 846 quod
1423 760 1515 827 Scala

345 870 464 953 voluit,
492 892 564 935 cum
588 869 682 933 illum
709 891 750 934 ne
782 868 903 933 librum
936 869 1066 953 quidem
1090 866 1254 933 Stratonis
1286 868 1320 932 in
1344 869 1515 935 scribendo

345 998 424 1062 prae
447 976 596 1040 manibus
619 975 773 1040 habuisse
797 997 878 1059 opus
902 977 1001 1059 esset;
1024 975 1162 1039 fortasse
1186 975 1373 1040 memoriter
1395 997 1515 1060 paucas

347 1082 533 1164 sententias,
557 1104 636 1166 quas
660 1083 764 1146 multo
789 1085 864 1147 ante
887 1083 1020 1166 legerat,
1043 1080 1153 1146 blein
1177 1103 1271 1147 suum
1295 1105 1389 1147 usum
1413 1086 1516 1148 traus-

346 1189 433 1254 tulit.
478 1188 582 1264 Quam
605 1188 733 1252 infirma
757 1191 789 1252 et
810 1187 935 1254 lubrica
954 1185 1065 1253 Scalae
1088 1187 1173 1252 ratio
1197 1187 1440 1254 demonstrandi
1463 1189 1515 1274 sit,

345 1296 399 1361 vel
422 1317 462 1360 ex
484 1295 589 1378 primo
609 1296 802 1380 argumento
821 1292 867 1380 (p.
883 1291 961 1382 190)
980 1294 1192 1380 intellegitur:
1216 1316 1288 1359 cum
1308 1297 1340 1358 et
1358 1294 1515 1379 Polybius

346 1403 432 1468 dicat
451 1399 512 1488 (IV
525 1402 578 1482 40,
592 1396 642 1485 5):
666 1400 745 1465 ὅταν
768 1401 832 1484 γὰρ
851 1400 870 1466 ὁ
892 1397 954 1485 μὲν
972 1403 1092 1486 χρόνος
1115 1401 1248 1485 ἄπειρος
1270 1391 1303 1486 ᾖ,
1326 1401 1366 1465 τὰ
1389 1398 1426 1466 δὲ
1448 1424 1516 1467 κοι-

348 1510 483 1595 λώματα
506 1509 613 1590 πάντη
636 1490 768 1584 τάντωὲ
794 1505 976 1593 ὡρισμένα,
1007 1513 1041 1573 et
1064 1506 1246 1574 Stratonem
1278 1509 1316 1572 de
1346 1507 1408 1573 boc
1437 1511 1516 1572 tern-

346 1617 434 1703 poris
468 1619 566 1701 atque
599 1614 698 1698 spatii
729 1613 914 1678 discrimine
947 1614 1052 1700 egisse
1085 1619 1200 1680 notum
1233 1615 1288 1698 sit,
1316 1612 1410 1679 Scala
1437 1614 1517 1680 haec

223 1723 227 1730 ’
347 1723 533 1808 Polybiane
565 1744 604 1787 ex
635 1721 707 1805 ipso
736 1719 888 1786 Stratone
916 1721 1076 1806 originem
1109 1721 1223 1787 ducere
1251 1720 1426 1786 contendit.
1471 1720 1517 1785 At

340 1829 503 1914 ¹Polybius
518 1828 599 1893 illud
619 1828 781 1892 decretum
797 1827 1051 1911 Aristotelicum,
1065 1827 1152 1913 quod
1169 1827 1311 1912 pertinet
1330 1827 1370 1891 ad
1388 1830 1516 1912 tempus

348 1936 513 2001 inlinitum
536 1939 569 2000 et
593 1934 735 2020 spatium
759 1934 897 2017 finitum,
921 1934 949 1998 si
973 1934 1068 1999 modo
1090 1937 1239 2019 noverat,
1262 1955 1327 1999 non
1349 1933 1454 1998 solum
1478 1955 1517 1998 ex

348 2040 526 2127 Stratonis,
551 2041 606 2106 sed
630 2063 668 2105 ex
691 2041 924 2125 permultorum
947 2040 1215 2126 philosophorum
1243 2039 1371 2126 scriptis
1394 2039 1516 2105 discere

347 2149 463 2234 potuit.
611 2159 615 2166 “

437 2254 507 2321 Hoc
530 2255 632 2339 igitur
654 2255 818 2319 existimo:
841 2255 929 2339 ipsos
948 2254 1022 2319 illos
1040 2253 1139 2339 locos,
1158 2255 1214 2339 qui
1233 2251 1346 2320 Scalae
1366 2253 1517 2337 opinione

349 2363 419 2428 sine
442 2361 509 2426 ulla
539 2363 721 2426 mutatione
749 2383 788 2425 ex
816 2358 968 2426 Stratone
996 2359 1179 2446 deprompti
1207 2361 1286 2445 sint,
1315 2359 1517 2445 apertissime

349 2469 510 2554 originem
532 2466 750 2552 Polybianam
773 2489 852 2552 prae
876 2489 910 2532 se
933 2468 1027 2532 ferre.
1071 2466 1109 2531 In
1134 2468 1250 2552 quibus
1273 2469 1446 2552 praecipue
1468 2465 1517 2531 IV

348 2575 456 2659 39,11
483 2596 632 2639 numero:
657 2574 774 2658 quibus
797 2574 905 2639 verbis
930 2597 1051 2661 omnes,
1075 2575 1254 2659 quicunque
1281 2574 1339 2638 illa
1367 2573 1518 2659 opinione

347 2704 414 2747 non
430 2683 587 2766 occupata
605 2680 812 2764 inspexerint,
826 2681 888 2747 hoc
908 2703 985 2747 saue
1005 2680 1163 2747 contineri
1183 2680 1360 2765 putabunt:
1380 2681 1518 2765 scripto-

350 2810 419 2853 rem
444 2787 592 2872 regiones
616 2777 694 2851 illas¹
714 2810 823 2854 coram
846 2787 974 2854 vidisse.
1021 2786 1096 2853 Alio
1124 2808 1200 2854 vero
1223 2786 1295 2852 loco
1324 2810 1344 2852 a
1368 2785 1463 2852 Scala
1484 2787 1518 2851 in

350 2895 567 2980 suspicionem
590 2895 721 2977 vocato,
744 2892 791 2958 IV
810 2895 863 2973 40,
878 2894 993 2979 2sqq.,
1015 2895 1066 2958 vel
1090 2916 1129 2959 ex
1152 2893 1383 2959 vocabulorum
1407 2892 1518 2959 simili·

348 3001 474 3085 tudine,
498 3022 580 3084 quae
602 3001 688 3065 inter
709 3000 794 3065 bunc
818 3004 852 3065 et
875 3000 990 3084 alium,
1013 2999 1184 3086 111593,
1207 3004 1271 3085 est,
1299 3004 1470 3085 utrumque
1499 3022 1519 3065 a

349 3105 486 3192 Polybio
510 3108 727 3190 compositum
750 3129 820 3172 esse
850 3107 985 3188 dilucet,
1013 3131 1085 3172 cum
1113 3108 1285 3191 utrobique
1312 3105 1379 3171 fere
1407 3106 1518 3172 eadem

348 3215 510 3299 legantur:
534 3213 584 3278 Ill
603 3214 655 3298 59,
670 3215 704 3280 3:
729 3212 766 3279 ἐν
789 3209 826 3278 dt
848 3224 919 3290 τοῖς
940 3210 1019 3279 καθ’
1046 3213 1131 3298 ’ἡμᾶς
1154 3251 1196 3260 -
1220 3215 1341 3298 σχεδὸν
1363 3212 1518 3278 ἁπάντων

350 3325 490 3386 πλωτῶν
509 3318 565 3385 καὶ
582 3331 754 3405 τορευτῶν
772 3323 975 3406 repostorem
994 3319 1042 3386 IV
1052 3321 1150 3405 40,2:
1167 3357 1205 3368 ·-
1219 3322 1307 3385 ἴδιον
1321 3329 1437 3385 -τῶν
1455 3328 1519 3385 νῦν

349 3438 475 3512 καιρῶν
490 3465 532 3473 -
548 3427 584 3492 ἐν
604 3419 654 3504 οἷς
671 3427 806 3492 πάντων
824 3432 963 3492 πλωτῶν
982 3424 1037 3491 καὶ
1055 3437 1227 3511 τορευτῶν
1245 3429 1433 3510 γεγονότων
1451 3430 1518 3491 κτλ.

438 3534 556 3597 Restat
579 3532 626 3597 IV
642 3535 694 3616 38,
710 3535 760 3597 12.
807 3534 910 3609 Quem
933 3533 1039 3598 locum
1063 3535 1109 3599 ita
1132 3533 1341 3617 interpretor,
1364 3538 1401 3598 ut
1423 3532 1518 3616 Poly-

350 3640 423 3705 bius
446 3640 587 3724 plurima
610 3638 739 3724 quidem
763 3639 866 3704 oculis
890 3642 1056 3725 comperta
1078 3640 1238 3722 habuerit,
1256 3641 1291 3705 in
1308 3639 1442 3724 reliquis
1462 3661 1517 3704 eos

351 3749 498 3812 auctores
529 3748 658 3811 secutus
689 3745 746 3830 sit,
776 3768 857 3831 quos
890 3746 1065 3830 diligenter
1087 3747 1320 3830 perscrutando
1344 3749 1377 3810 et
1401 3745 1519 3811 exami-

350 3851 458 3917 nando
476 3851 652 3918 fidissimos
675 3856 852 3937 repererat3
877 3851 932 3936 qui
956 3855 1103 3936 auctores
1126 3853 1264 3920 fortasse
1283 3851 1433 3937 Byzantii
1452 3851 1519 3938 qui-

354 3958 428 4022 dam
453 3963 559 4042 erant3
582 3959 633 4023 illi
657 3958 742 4024 enim
762 3960 876 4024 bacin
894 3960 1081 4025 narratione
1101 3959 1229 4045 saepius
1248 3959 1343 4024 laude
1363 3962 1521 4025 ornantur

352 4062 415 4152 (IV
435 4066 558 4150 38,10;
581 4065 634 4150 45,
648 4063 694 4152 9).

438 4171 549 4237 Etiam
572 4170 784 4258 Thommen¹)
812 4196 884 4239 oum
909 4174 947 4238 de
975 4173 1131 4258 temporis
1156 4173 1277 4258 spatio,
1300 4196 1364 4259 quo
1388 4170 1520 4258 Polybii

439 4403 466 4469 1)
484 4399 601 4454 Hermes
619 4399 670 4454 XX
684 4407 745 4458 218.
