3508 5204
832 373 1046 438 -64..

355 534 385 618 3,
400 532 434 598 3:
456 531 691 611 ὑποζωννύειν.
737 533 770 616 4,
784 531 819 597 5:
843 531 1061 616 ἀποθεωρεῖν.
1104 533 1132 614 7,
1147 531 1182 597 6:
1206 529 1405 610 ἀναξαίνειν.
1447 535 1475 616 7,
1491 535 1524 599 7:

354 638 508 724 εὐηκόως.
533 639 632 720 7,12:
652 635 854 716 ἀλαζονικός.
878 635 1021 702 XXVIII
1042 637 1153 703 videus
1171 659 1280 722 supra.
1302 636 1413 702 XXIX
1431 640 1480 724 10,
1493 642 1525 703 1:

353 746 550 830 χειροτονία.
578 742 671 807 XXX
690 742 720 828 4,
734 746 770 810 3:
793 743 958 828 ὑφόρασις
981 740 1025 830 (d.
1049 765 1100 828 sp.
1123 741 1252 829 bobus).
1280 744 1380 830 5,16:
1404 743 1525 811 ἀποσο-

354 854 500 936 βεϊαθαι.
545 851 576 936 8,
590 850 625 914 4:
648 848 869 934 χειρογράφος
901 847 1020 936 (Schw.
1043 870 1159 936 nempe
1193 871 1302 916 errore
1329 850 1462 917 exhibet
1487 852 1525 917 τὸ

353 954 601 1042 χειρόγραφον).
625 957 657 1041 8,
671 956 705 1020 4:
728 955 970 1040 ἀναισχυντεῖν.
993 956 1095 1041 9,10:
1118 952 1240 1040 μέμψις
1262 955 1306 1041 (d.
1326 980 1377 1042 ap.
1396 955 1525 1046 Schts).

356 1085 492 1149 quorum
517 1063 688 1129 verborum
710 1063 864 1148 pleraque
888 1084 927 1128 ex
950 1062 1077 1128 Zenone
1100 1064 1135 1128 in
1160 1065 1285 1128 textum
1308 1062 1525 1148 Polybianum

354 1170 540 1255 pervenisse
578 1190 768 1253 persuasum
803 1169 918 1236 habeo.
967 1168 1091 1235 Eadem
1128 1169 1166 1234 de
1204 1191 1301 1259 causa
1337 1170 1436 1235 etiem
1472 1170 1525 1235 ds·

355 1276 566 1362 scriptionem
594 1297 720 1342 morum
743 1275 899 1342 Antiochi
926 1276 1108 1362 Epiphanis
1136 1274 1220 1362 (Pol.
1239 1274 1348 1340 XXVI
1369 1272 1418 1361 l),
1445 1297 1526 1360 quae

354 1383 520 1450 vocabulis
543 1382 719 1448 rarissimis
743 1383 828 1467 apud
852 1382 1023 1467 Polybium
1046 1403 1206 1468 nusquam
1235 1382 1313 1448 elibi
1342 1382 1447 1448 obviis
1477 1404 1526 1447 re·

355 1490 488 1573 dundat,
509 1511 546 1555 ex
565 1489 657 1555 fonte
678 1490 788 1575 aliquo
808 1488 1034 1575 depromptam
1054 1510 1124 1554 esse
1144 1492 1293 1574 apparet3
1313 1511 1409 1574 quem
1430 1486 1526 1554 Scala

356 1597 400 1683 (p.
419 1592 500 1683 262)
523 1596 650 1661 auctori
674 1595 838 1681 Aegyptio
861 1595 959 1662 dedit.

445 1702 559 1767 Altero
583 1701 691 1787 capite
715 1697 873 1788 (XXVIII
894 1698 951 1788 17)
975 1705 1087 1767 auctor
1110 1702 1240 1786 copiose
1263 1701 1302 1768 de
1325 1702 1422 1767 rebus
1441 1699 1526 1787 Age-

355 1810 455 1895 polis,
482 1808 585 1894 legati
611 1807 826 1893 Rhodiorum,
849 1807 932 1894 agit,
955 1830 1036 1893 quae
1067 1811 1176 1874 eutem
1199 1809 1305 1874 medio
1329 1807 1435 1892 capite
1459 1804 1527 1893 (17,
1585 1849 1587 1855 ι

355 1911 458 2001 5-9)
487 1914 644 1999 Polybius
676 1913 827 1998 inseruit,
851 1935 923 1978 cum
957 1914 996 1979 de
1028 1914 1134 1979 causis
1162 1917 1288 2001 ageret,
1311 1914 1429 2002 quibus
1457 1935 1527 1998 per·

356 2026 466 2088 motus
485 2021 627 2088 Marcius
652 2020 764 2085 consul
783 2019 921 2085 Rhodiis
945 2020 1109 2099 suasisset,
1129 2024 1166 2085 ut
1187 2020 1411 2106 pugnantibus
1429 2021 1526 2085 inter·

356 2128 516 2214 cederent,
535 2127 672 2191 alteram
690 2148 820 2192 causam
840 2123 907 2212 (17,
922 2124 1023 2213 5-6)
1044 2126 1205 2192 eZenone
1224 2128 1374 2211 alienam,
1390 2127 1526 2192 alteram

358 2232 426 2322 (17,
442 2231 543 2320 7-8)
567 2231 735 2316 scriptoris
760 2231 880 2297 Rhodii
904 2253 974 2297 esse
996 2231 1166 2317 probabile
1190 2233 1280 2299 duco.
1325 2231 1365 2297 In
1388 2233 1450 2298 fine
1474 2230 1525 2295 dc·

355 2342 453 2425 nique
477 2339 593 2424 capitis
616 2335 754 2424 (11,15)
786 2359 824 2403 ea
852 2338 1041 2403 brevissime
1070 2339 1309 2425 significantur,
1332 2360 1413 2423 quae
1441 2338 1526 2423 apud

357 2446 520 2511 Zenonem
543 2443 673 2509 uberius
697 2446 830 2508 narrata
854 2447 955 2510 erunt

445 2548 482 2638 g)
505 2549 574 2615 Liv.
588 2548 695 2614 XLIV
711 2549 761 2634 14,
776 2549 885 2615 5-13
905 2550 1071 2616 annalium
1090 2556 1167 2617 sunt
1186 2547 1241 2639 (cf.
1254 2550 1385 2636 Nissen,
1396 2573 1426 2636 p.
1437 2548 1525 2638 261).

444 2656 482 2745 h)
505 2657 618 2722 Etiam
641 2656 727 2722 libro
750 2655 859 2720 XXIX
887 2656 999 2722 eadem
1028 2656 1079 2722 bis
1107 2679 1127 2722 a
1148 2656 1285 2742 Polybio
1313 2661 1527 2744 exponuntur,

334 2759 390 2831 vet
412 2766 442 2851 3,
457 2764 557 2847 7-93
580 2763 644 2847 4,7
670 2766 703 2827 ot
726 2762 865 2828 10-11.

446 2870 588 2946 Quorum
607 2869 642 2933 in
660 2868 825 2953 prioribus
845 2867 969 2958 (XXIX
983 2870 1013 2954 3,
1029 2870 1129 2955 7—93
1148 2871 1178 2955 4,
1195 2867 1230 2959 7)
1249 2871 1373 2936 nullum
1387 2870 1525 2936 Zenonis

357 2977 531 3062 vestigium
551 2978 658 3059 extat,
681 2975 738 3040 sed
755 2974 931 3059 Polybium
950 2975 1058 3060 ipsum
1081 2977 1178 3063 paulo
1201 2977 1305 3063 plura,
1324 2993 1421 3062 quam
1441 2999 1526 3043 nunc

356 3084 483 3152 ineius
508 3081 666 3166 excerptis
699 3080 866 3166 leguntur,
898 3081 1069 3168 scripsisse
1101 3105 1232 3150 necesse
1264 3086 1424 3163 est,·cum
1445 3083 1526 3148 haec

357 3189 403 3281 (4,
418 3188 466 3278 7):
490 3192 598 3256 ἔπεισε
623 3183 659 3254 ol
681 3185 738 3254 καὶ
757 3187 843 3275 (scil.
858 3185 1012 3274 Perseus)
1031 3191 1109 3267 τοὺς
1123 3184 1273 3268 Ῥοδίους
1292 3192 1527 3274 σννεμβαίνειν

356 3301 404 3377 εἰς
430 3299 490 3365 τὸν
517 3298 678 3380 πόλεμον,
702 3295 783 3360 vitio
811 3294 986 3368 manifesto
1013 3295 1164 3362 laborent
1187 3296 1431 3382 discrepentqus
1454 3318 1525 3362 cum

357 3408 423 3474 alio
446 3407 519 3472 loco
542 3404 622 3469 item
644 3401 826 3487 Polybiane
845 3398 971 3487 (XXIX
991 3397 1062 3489 11):
1087 3401 1206 3468 Rhodii
1230 3404 1315 3468 enim
1339 3403 1470 3469 interim
1493 3402 1526 3466 id

356 3517 486 3578 tentum
510 3510 661 3596 agebant,
680 3513 717 3574 ut
736 3509 990 3592 controversiam
1008 3507 1231 3574 Romanorum
1255 3513 1289 3573 et
1310 3509 1428 3574 Perses
1452 3509 1526 3573 diri·

358 3621 491 3701 merent,
510 3618 620 3703 aperte
639 3636 753 3701 pacem
772 3636 920 3699 rumpere
937 3636 1004 3680 non
1023 3615 1108 3700 ausi,
1127 3637 1204 3680 sane
1225 3615 1347 3681 bellum
1365 3614 1526 3700 parabant

357 3723 482 3812 (XXIX
498 3723 549 3809 10,
563 3719 675 3809 5-7),
693 3723 789 3806 atque
804 3720 912 3787 Dinon
931 3725 965 3786 ct
978 3720 1171 3806 Polyaratus
1191 3721 1308 3808 gaudio
1327 3722 1525 3787 exsultantes

357 3830 503 3897 Rhodios
522 3829 562 3894 ud
579 3828 795 3915 pugnandum
813 3831 948 3913 paratos
968 3849 1038 3893 esse
1058 3827 1176 3892 Persae
1193 3828 1426 3895 nuntiaverunt
1444 3826 1527 3914 (biv.

356 3936 463 4003 XLIV
481 3935 615 4022 23,10>.
639 3934 702 4001 Sed
725 3935 872 4001 Rhodios
894 3935 975 4000 haec
996 3934 1133 4000 consilia
1152 3934 1241 4000 mala
1259 3935 1379 4000 animis
1397 3937 1527 4000 tantum

358 4046 424 4112 suis
461 4043 614 4126 volvisse,
646 4064 712 4108 non
744 4041 931 4127 perfecisse,
963 4063 1002 4106 ex
1034 4041 1203 4127 permultis
1236 4038 1352 4128 locis¹)
1384 4045 1528 4125 apparet.

357 4152 464 4230 Quare
487 4171 565 4216 voce
588 4150 697 4215 ἔπεισε
725 4150 795 4214 sine
823 4148 921 4214 dubio
949 4151 1101 4232 corrupta
1123 4146 1274 4213 Hertlein
1301 4147 1527 4232 imperfectum

447 4391 474 4458 1)
494 4388 551 4446 Pol.
566 4392 643 4448 xxx
658 4398 683 4464 s,
697 4400 727 4465 o,
754 4393 813 4451 niv.
832 4393 906 4449 xnv
921 4400 963 4464 οε,
977 4400 1008 4461 1;
1034 4393 1107 4464 App.
1128 4395 1174 4465 Sy.
1193 4400 1242 4463 ει,
1271 4392 1379 4448 Gellius
1397 4391 1436 4446 VI
1454 4391 1526 4464 (vn)

358 4486 384 4552 e,
397 4487 427 4551 43
446 4487 472 4553 3,
487 4486 534 4552 se;
555 4487 580 4555 0,
595 4488 638 4541 ει.

1721 607 1726 721 ι
