3498 5202
796 352 1017 420 ..54-

324 515 442 604 rius¹)‚
475 517 542 583 illis
582 514 747 581 obscurius
785 533 970 599 expressam
1006 533 1084 579 esse.
1129 511 1242 597 Neque
1280 513 1437 600 quaedam
1474 537 1493 580 a

326 624 454 690 Zenone
482 622 681 688 alienissima
712 621 843 700 desunt,
866 624 903 685 ut
929 619 1015 707 apud
1037 618 1164 685 Livium
1186 617 1343 686 XXXVII
1361 621 1493 706 111-

326 732 415 816 21,4
434 731 504 797 sine
523 729 621 794 dubio
640 727 765 794 iontem
779 726 958 792 Achaicum
977 727 1110 793 subesse
1129 723 1298 814 constat¹).
1322 726 1495 795 Praeterea

327 839 409 904 alios
433 840 580 903 auctores
604 839 702 920 atque
722 833 885 900 Zenonem
904 833 1066 900 adhibitos
1090 855 1160 899 esse
1183 833 1283 898 etiam
1303 839 1438 920 apparet
1455 857 1494 902 ex

325 945 419 1010 Livio
443 941 601 1008 XXXVII
620 942 744 1021 28,10:
776 941 910 1006 ‘dicitur
942 944 974 1005 et
1005 939 1172 1005 Eudamus
1199 927 1346 1006 Rhodius
1379 941 1494 1008 vitium

327 1052 462 1118 alterius
494 1053 608 1135 portus
642 1045 842 1114 ostendisse'.
890 1045 1036 1132 Scriptor
1068 1047 1170 1132 enim,
1201 1050 1375 1132 postquam
1407 1048 1495 1113 aliud

329 1157 508 1223 memoriae
526 1177 628 1241 genus
647 1178 667 1221 a
684 1153 820 1220 Rhodiis
839 1153 1017 1219 abhorrens
1036 1153 1311 1239 commemoravit,
1328 1153 1370 1219 iis
1389 1155 1494 1221 verbis

328 1266 369 1330 ad
401 1264 524 1329 famam
546 1262 707 1328 Rhodiam
738 1261 960 1347 exponendam
992 1260 1189 1347 aggreditur.
1234 1258 1328 1327 Unde
1358 1261 1495 1328 efficitur

327 1371 502 1455 Polybium
516 1353 559 1434 'in
582 1368 761 1435 inimicitiis
785 1367 995 1452 explicandis,
1020 1388 1103 1452 qnae
1125 1365 1282 1433 Romanis
1312 1389 1384 1434 cum
1408 1368 1516 1435 Teiis·

328 1481 421 1542 erant
443 1475 527 1564 (Lis.
545 1474 704 1541 XXXVII
722 1476 763 1540 27
779 1471 851 1561 sq),
872 1475 1044 1558 praecipue
1067 1477 1232 1541 auctorem
1256 1479 1403 1543 secutum
1426 1498 1495 1543 esse

326 1606 393 1650 non
415 1583 589 1649 Rhodium.

415 1687 463 1755 Ut
485 1688 588 1775 igitur
610 1689 733 1754 bellum
756 1688 871 1754 navale
899 1687 977 1753 anni
1002 1687 1066 1753 190
1087 1687 1293 1773 potissimum
1322 1690 1496 1756 secundum

331 1796 493 1862 Zenonem
515 1796 712 1880 descriptum
736 1797 845 1861 extare
870 1795 1000 1860 evidens
1029 1798 1093 1880 est,
1119 1794 1169 1860 ita
1195 1795 1317 1862 bellum
1344 1800 1497 1862 terrestre

332 1903 476 1968 eiusdem
510 1901 587 1966 anni
619 1903 775 1986 scriptore
805 1900 933 1966 Rhodio
965 1922 1032 1966 non
1064 1901 1211 1968 adhibIto
1243 1903 1369 1970 narrari
1395 1904 1498 1990 liquet

329 2008 410 2097 (Lis.
429 2007 586 2074 XXXVII
604 2008 647 2073 33
658 2005 753 2095 sqq.).

418 2117 534 2201 Neque
557 2116 592 2180 in
614 2115 793 2181 minoribus
823 2114 920 2180 rebus
948 2137 968 2179 a
989 2115 1144 2181 Romanis
1172 2116 1266 2181 annis
1290 2116 1354 2184 189
1378 2121 1410 2182 et
1434 2117 1496 2184 188

332 2223 366 2289 in
385 2219 518 2288 Aetdlia
537 2226 569 2288 et
586 2221 668 2288 Asia
688 2221 789 2308 gestis
808 2221 945 2288 Zenonis
964 2221 1104 2307 vestigia
1122 2222 1275 2288 invenies.
1298 2223 1496 2290 Rhodiorum

330 2330 429 2414 enim,
463 2335 647 2415 quanquam
680 2330 778 2394 etiam
811 2325 974 2415 saepiusl)
1007 2327 1173 2394 Romanos
1205 2351 1278 2395 cnm
1305 2329 1434 2396 Aetolis
1463 2332 1498 2396 in

331 2437 473 2522 gratiam
496 2436 647 2501 reducere
670 2436 884 2519 conabantur,
910 2438 1021 2500 tamen
1048 2435 1166 2520 ubique
1190 2435 1308 2502 cursim
1331 2441 1365 2500 et
1387 2437 1498 2523 negle-

332 2546 449 2628 genter
468 2542 589 2608 mentio
608 2543 655 2607 fit.
677 2541 818 2607 Valeton
837 2539 881 2628 (p
891 2540 971 2626 214)
990 2540 1140 2607 videlicet
1158 2563 1205 2626 ea,
1224 2564 1304 2628 quae
1319 2543 1357 2608 de
1371 2543 1496 2611 Aetolis

331 2653 422 2731 sunt,
450 2670 489 2713 ex
519 2649 702 2735 legatorum
725 2647 926 2722 Rhodiorum
954 2647 1262 2734 renuntiationibus,
1285 2672 1434 2736 quarum,
1460 2655 1498 2717 ut

332 2756 381 2821 ita
404 2756 519 2840 dicam,
538 2755 778 2822 amantissimus
803 2758 862 2839 est,
885 2757 1017 2840 sumpta
1040 2777 1110 2822 esse
1134 2755 1312 2844 existimat3
1335 2757 1419 2844 quod
1439 2759 1497 2824 im·

333 2861 447 2947 probo,
469 2883 542 2926 cum
563 2862 638 2927 aliis
662 2861 700 2925 de
723 2862 829 2926 causis
853 2865 923 2927 tum
946 2865 1117 2946 propterea
1140 2863 1227 2947 quod
1249 2863 1317 2928 fere
1338 2885 1497 2949 nusquam

331 2970 365 3033 in
401 2966 541 3033 historia
577 2966 730 3033 Graeciae
766 2968 869 3052 ipsius
907 2967 1140 3035 conscribenda
1175 2968 1330 3055 Polybius
1367 2975 1497 3037 auctore

330 3073 458 3139 Rhodio
483 3095 561 3140 usus
583 3095 653 3140 esse
676 3073 757 3140 mihi
777 3072 936 3141 videatur.

708 3360 758 3424 11.
794 3369 843 3426 De
866 3381 950 3439 pace
973 3367 1119 3438 Syriaca.
1153 3429 1155 3434 ,

418 3500 594 3567 Actionum
619 3523 704 3567 anno
726 3501 788 3568 189
813 3501 851 3566 de
873 3523 953 3586 pace
975 3500 1195 3589 habitarum⁴)
1218 3501 1371 3592 Nissen⁵)
1394 3506 1498 3590 plera-

334 3629 395 3692 qne
432 3608 727 3674 renuntiationibus
765 3608 950 3693 legatorum
982 3608 1184 3674 Rhodiorum
1221 3609 1381 3676 attribuit.
1427 3610 1499 3677 Hoc

332 3718 417 3779 certe
446 3715 585 3781 concedo
614 3711 698 3802 ea⁶),
718 3713 809 3800 'quae
833 3715 871 3780 de
895 3712 980 3780 Solis
1003 3713 1138 3782 Ciliciae
1162 3716 1282 3801 oppido
1306 3720 1392 3801 sunt,
1416 3717 1498 3784 fonti

422 3947 448 4015 1)
467 3943 507 3999 cf.
523 3942 581 3999 Liv.
591 3942 720 3998 XXXVII
729 3949 847 4011 10-113
864 3949 906 4012 11,
917 3948 999 4012 1-9;
1016 3948 1221 4016 rs,11-14‚4;
1236 3949 1443 4016 11,1-14,11,
1456 3951 1499 4002 so.

420 4036 446 4102 2)
466 4032 507 4087 (If.
525 4032 628 4087 Nissen
645 4050 672 4102 p.
688 4037 738 4087 191
759 4034 788 4087 et
805 4030 928 4086 Valeton
946 4051 973 4102 p.
988 4037 1049 4087 203.

419 4124 446 4192 s)
464 4121 523 4178 Pol.
538 4119 602 4175 xxi
616 4125 658 4191 as,
675 4127 721 4187 ιο,
745 4126 833 4192 11,1;
861 4125 948 4190 11,1;
976 4126 1020 4191 so,
1036 4127 1064 4190 ⁷3
1084 4126 1128 4190 ar,
1144 4127 1173 4190 13
1200 4120 1260 4176 niv.
1274 4122 1415 4177 XXXVIII
1429 4129 1454 4193 s,
1469 4129 1496 4191 τ,

330 4217 355 4281 e,
371 4217 400 4280 33
421 4215 463 4280 ro,
478 4217 507 4280 1;
528 4216 570 4278 ro,
584 4216 615 4278 43
633 4210 731 4264 Florus
749 4209 820 4281 Ias,
835 4217 859 4265 1.

419 4303 446 4370 4)
465 4299 524 4356 Pol.
539 4299 603 4352 XXI
619 4303 723 4353 18-24
742 4326 776 4346 =
794 4298 853 4355 Liv.
868 4299 996 4353 XXXVII
1012 4304 1125 4356 52-56.

324 4426 328 4432 .
420 4393 448 4456 5)
467 4407 493 4458 p.
510 4394 560 4442 107
581 4387 658 4456 adn.;
677 4404 761 4456 quem
778 4387 908 4458 Valeton‚
927 4407 953 4458 p.
969 4394 1030 4456 214,
1050 4391 1161 4444 secutus
1181 4392 1231 4446 est.

420 4479 448 4547 6)
465 4476 525 4532 Pol.
540 4475 604 4530 XXI
619 4481 662 4546 24,
678 4482 782 4530 10-17
802 4503 835 4524 =
855 4475 914 4534 niv.
928 4475 1057 4532 XXXVII
1071 4482 1114 4550 56,
1130 4483 1225 4534 7-10,
