3498 5202
773 345 1004 446 ..⁵18..¹
1081 379 1125 396 ,.

296 505 376 571 mihi
399 504 539 587 videtur,
562 503 639 588 quia
666 525 717 587 ea,
745 524 826 588 quoe
854 503 1066 586 praecedunt,
1090 523 1128 565 ex
1157 501 1327 567 annalibus
1359 502 1468 567 hausit

297 615 394 696 atquo
418 611 458 675 ad
481 609 656 694 Polybium
681 608 754 674 inde
778 631 798 673 u
821 608 915 673 XXX
934 609 997 691 5‚1
1028 609 1156 672 demum
1184 607 1288 674 rediit.
1333 609 1385 673 Ex
1407 608 1466 698 illo

296 720 368 784 loco
392 717 570 800 Polybiano
594 719 702 782 autem
733 714 827 780 focile
850 714 934 780 falso
948 714 1149 780 concludere
1172 714 1280 799 potuit
1303 715 1467 780 Philocra-

295 829 361 890 tem
385 827 418 889 et
440 823 652 908 Astymedem
674 822 836 907 principes
860 820 1003 886 eiusdem
1028 821 1200 906 legationis
1224 821 1340 914 fuisse..
1380 883 1382 887 ,

384 949 404 1014 i.
428 950 653 1032 Θεαίδητος.
698 946 795 1031 Apud
827 945 1000 1030 Polybium
1031 945 1179 1011 Rhodius
1211 946 1268 1010 ille
1301 931 1467 1012 scribitur:
1509 999 1515 1010 .

296 1056 489 1139 Θεαίτητος,
512 1076 578 1120 uno
607 1057 740 1138 excepto
769 1055 840 1118 loco
864 1052 974 1118 XXIX
994 1054 1044 1131 11,
1059 1054 1093 1137 2,
1125 1075 1188 1138 quo
1217 1052 1252 1116 in
1279 1051 1468 1118 Monacensi
1545 1109 1547 1114 ,

300 1161 364 1227 185
392 1159 451 1249 (0¹,
487 1161 592 1246 prima
625 1156 753 1246 manus)
792 1162 895 1225 extat:
928 1140 1121 1238 esaffllwm
1155 1144 1323 1245 praeterea
1354 1158 1466 1224 Livius

296 1266 385 1333 XLV
402 1267 488 1350 rut
509 1267 646 1332 cundem
664 1267 769 1332 virum
788 1266 984 1331 nominavit:
1007 1266 1221 1352 Theodotum,
1242 1289 1339 1351 quum
1357 1269 1468 1330 tamen

296 1374 438 1438 formum
474 1372 614 1438 Ursinus
651 1372 790 1456 Polybio
826 1376 911 1438 teste
949 1395 1025 1438 usus
1063 1373 1098 1437 in
1135 1372 1348 1438 Theaetetum
1384 1394 1468 1438 com·

296 1481 443 1546 mutavit.

386 1605 458 1690 Ego
483 1604 611 1689 quidem
635 1604 704 1669 veri
727 1603 808 1670 duco
832 1603 1033 1669 simillimum
1053 1604 1228 1689 Polybium
1250 1626 1369 1669 nomen
1387 1602 1467 1668 illud

298 1711 478 1795 scripsisset
504 1712 702 1794 Θεαίδητος,
727 1711 812 1796 quod
836 1715 946 1776 tamen
967 1716 1084 1796 postea
1108 1711 1282 1776 secundum
1308 1709 1468 1776 scribendi

298 1838 421 1883 morem
444 1818 613 1902 vulgarem
637 1817 799 1901 plerisque
827 1818 907 1883 locis
936 1819 970 1882 in
993 1821 1171 1901 Θεαίτητος
1195 1821 1381 1901 corruptum
1405 1818 1468 1899 est3

298 1924 435 1987 obscure
457 1926 585 1988 tantum
604 1925 743 2008 vestigia
766 1924 894 1989 litterae
914 1925 934 1988 d
953 1925 1116 1991 codicibus
1135 1929 1169 1990 ct
1186 1924 1315 2009 Polybii
1334 1927 1367 1989 et
1384 1923 1485 1987 Livii-

299 2033 428 2094 scrvuta
452 2034 537 2095 sunt.
582 2030 654 2096 Hoc
677 2033 763 2096 certe
786 2052 906 2116 negare
935 2053 1001 2096 non
1029 2033 1150 2116 poteris
1174 2031 1320 2097 Rhodios
1351 2052 1468 2095 nomen

298 2135 377 2200 illud
402 2135 570 2219 scripsisse
594 2138 790 2221 Θεαίὸητος;
814 2137 904 2202 cuius
927 2159 1005 2202 usus
1025 2137 1227 2203 Rhodiorum
1251 2137 1377 2222 proprii
1399 2158 1469 2220 per·

297 2241 402 2305 multu
424 2245 572 2327 exempla
595 2244 627 2308 in
652 2244 757 2308 titulis
782 2240 942 2330 extant¹);
965 2267 1042 2328 prae
1065 2245 1126 2309 hac
1148 2244 1355 2309 multitudine
1377 2242 1469 2307 tosti·

298 2347 480 2412 moniorum
512 2350 558 2414 nil
587 2351 675 2416 valet
704 2372 804 2415 unum
831 2350 911 2415 illud
939 2350 1067 2416 litterae
1095 2372 1114 2416 τ
1144 2351 1325 2434 exemplum
1350 2346 1469 2436 (olith.

300 2452 393 2532 1135,
407 2450 458 2540 2);
488 2455 574 2539 quod
598 2457 722 2540 optimo
751 2457 821 2521 iure
844 2456 948 2521 Hiller
972 2457 1010 2522 de
1034 2457 1252 2544 Gaurtringen
1280 2456 1359 2522 vitio
1384 2455 1467 2540 lapi·

298 2559 387 2624 cidue
416 2560 583 2644 irrepsisse
613 2562 800 2648 affirmavit3
833 2562 933 2627 etiam
962 2562 1041 2628 Fiek
1069 2567 1102 2628 et
1125 2561 1292 2649 BechtcP)
1325 2563 1466 2628 formam

300 2666 480 2748 Θεαίδητος
513 2667 597 2751 apud
628 2666 774 2733 Rhodios
807 2669 842 2732 in
878 2692 939 2733 usu
976 2669 1076 2734 fuisse
1110 2672 1299 2756 agnoscunt.
1343 2669 1468 2733 Iniuria

297 2774 405 2835 autem
424 2794 487 2836 van
503 2771 652 2859 Gelder³)
671 2774 814 2839 litteram
833 2797 852 2838 τ
871 2775 1015 2840 defendit
1029 2779 1125 2861 utque
1139 2776 1273 2841 retinuit
1287 2778 1468 2860 propterea,

299 2877 385 2962 quod
409 2876 563 2961 Polybius
588 2901 626 2943 ea
648 2901 725 2944 usus
749 2883 843 2945 esset,
882 2879 929 2945 At
950 2880 1012 2946 hac
1034 2882 1069 2945 in
1092 2904 1125 2946 re
1150 2882 1293 2947 codicum
1317 2880 1468 2964 Polybiu-

296 3003 413 3047 norum
436 2983 532 3048 fidem
555 2984 623 3049 fere
646 2986 769 3050 nullam
794 3007 864 3050 csse
887 2987 953 3051 iam
977 2988 1106 3071 saepius
1129 2987 1278 3053 vidimus.

386 3107 416 3171 k.
441 3108 659 3192 Θεοφάνης.
690 3111 963 3193 Θευφιλίσκος.
1008 3109 1106 3196 Apud
1130 3112 1302 3196 Polybium
1324 3110 1469 3177 XXXIH

301 3214 384 3296 16,1
420 3215 595 3298 Θεοφάνης
627 3220 659 3280 et
691 3215 771 3280 XVI
789 3217 854 3300 4‚6
884 3219 943 3282 etc.
976 3221 1195 3301 Θεοφιλίσκος
1224 3220 1384 3304 leguntur.
1429 3217 1469 3282 In

300 3319 566 3405 inscriptionibus
591 3321 728 3388 Rhodiis
752 3344 911 3407 nusquam
939 3322 1045 3388 forms
1069 3328 1149 3389 Θεο-
1176 3325 1299 3390 tradita
1326 3329 1388 3407 cst,
1412 3324 1468 3389 sed

298 3425 417 3510 ubique
442 3428 619 3511 Θεοφάνης
644 3425 763 3514 (011111.
782 3428 817 3511 93
840 3429 897 3512 463
921 3429 977 3513 493
1002 3430 1081 3515 3053
1106 3431 1183 3514 7663
1209 3428 1323 3515 1141);
1355 3431 1470 3496 eodem

298 3531 394 3596 modo
410 3533 508 3597 etiam
524 3534 710 3615 Θεύδωρος,
726 3533 904 3618 Θεύδοτος,
918 3535 1127 3620 Θεύπομτιος,
1139 3535 1348 3624 ereptus).
1362 3536 1469 3613 Quare

298 3637 397 3702 etiam
426 3639 590 3704 nauarcho
613 3639 815 3705 Rhodiorum
842 3664 960 3707 nomen
988 3643 1091 3708 fuisse
1121 3648 1230 3710 statuo
1260 3666 1327 3709 non
1351 3647 1468 3727 Θεοφι-

299 3746 421 3827 λίσκος,
446 3744 502 3809 sed
525 3748 754 3830 (deversitores.

390 4010 417 4077 1)
436 4006 521 4064 emh.
543 4013 585 4078 us,
599 4008 626 4079 b,
642 4014 671 4078 η
696 4014 759 4077 163;
780 4015 839 4079 τοι,
855 4015 901 4078 ³⁷3
921 4015 981 4080 cce,
996 4017 1026 4080 23
1047 4017 1124 4082 1135,
1140 4018 1168 4081 13
1189 4017 1267 4081 1135,
1281 4017 1365 4082 3-63
1387 4027 1469 4082 prae-

298 4100 378 4152 tcrea
395 4097 499 4156 Inscbr.
517 4116 543 4155 v.
562 4098 643 4168 Porg.
656 4099 691 4170 H,
718 4117 746 4169 p.
760 4105 828 4169 461,
855 4117 882 4156 n.
900 4105 1088 4170 1022410313
1116 4102 1201 4157 Inscr.
1231 4101 1328 4158 Gracc.
1357 4099 1411 4157 Sic.
1439 4102 1469 4155 ct

299 4186 362 4242 Ital.
382 4191 460 4255 2393,
476 4193 624 4243 rur-ru.
1475 4209 1478 4216 v

389 4278 416 4345 2)
436 4275 614 4332 Griecbische
633 4277 884 4348 Personennemen,
902 4296 929 4348 p.
944 4284 987 4334 47.

389 4365 416 4436 3)
434 4364 614 4436 Mnemosyne
632 4367 732 4437 XXIV,
750 4385 777 4436 p.
793 4373 852 4421 180.

388 4455 416 4524 4)
433 4454 537 4525 Brutuli,
555 4455 647 4512 Ucber
666 4455 721 4510 den
738 4454 854 4510 Diulolrt
872 4457 921 4512 dor
940 4456 1071 4527 Rhodios,
1089 4475 1115 4527 p.
1132 4461 1173 4511 12.
