3498 5202
745 381 986 459 -ce-‘

266 576 374 636 nemo,
398 557 556 640 quantum
589 554 670 639 scie,
693 554 859 640 probavit,
889 555 1041 640 quoniam
1069 557 1172 622 oratio
1196 555 1333 622 Liviana
1362 580 1436 624 nus-

267 683 362 747 quam
396 683 450 727 eas
482 661 696 746 proprietates
729 660 874 747 exhibet,
902 683 982 746 quas
1010 662 1164 748 Polybius
1193 664 1228 730 in
1254 663 1435 749 Astymede

266 767 480 852 reprehendit.
527 768 616 844 Quae
639 788 712 831 cum
739 766 787 832 ita
815 768 895 846 sint,
918 789 991 833 cum
1014 755 1154 834 Nisseno
1179 767 1222 856 (p.
1242 768 1322 856 275)
1349 771 1434 837 facio

266 875 448 940 orationem
479 895 549 940 esse
587 873 856 940 declamationem
888 873 987 940 talem
1020 876 1250 963 contendente,
1283 878 1434 963 qualibus

266 981 431 1048 annalium
455 981 629 1067 scriptores
653 980 906 1046 delectabantur.
939 981 1085 1058 Quocum
1109 983 1434 1071 optimecongruere

266 1110 380 1155 censeo
413 1110 452 1153 ea
481 1109 563 1173 quae
591 1085 658 1152 Liv.
677 1086 766 1152 XLV
785 1088 893 1174 23,12
917 1088 1083 1175 leguntur3
1106 1110 1209 1175 neque
1234 1092 1321 1156 enim
1344 1095 1435 1176 puta-

266 1195 365 1261 verim
393 1195 520 1280 legatos
549 1193 749 1259 Rhodiorum
777 1194 937 1278 supplices
967 1199 999 1259 et
1027 1195 1235 1281 deprecantes
1263 1202 1357 1264 tanta
1380 1221 1433 1263 au·

266 1301 358 1367 dacia
390 1301 504 1385 fuisse,
536 1303 573 1364 ut
595 1299 750 1384 Popillio,
784 1300 852 1364 viro
875 1299 1020 1366 Romano
1054 1300 1332 1391 superbissimo¹)‚
1367 1310 1433 1370 tam

264 1409 364 1473 libere
387 1406 574 1491 illuderent3
602 1407 766 1473 annalium
796 1406 948 1491 scriptori
972 1412 1085 1474 contra
1108 1409 1189 1475 haec
1215 1410 1323 1477 irrisio
1348 1411 1435 1476 salsa

265 1537 342 1580 sane
366 1513 618 1580 oblectationem
641 1535 707 1578 non
730 1535 865 1597 parvam
888 1515 1043 1597 praebere
1066 1517 1180 1599 potuit.

354 1620 429 1686 Non
457 1621 522 1686 iam
552 1622 699 1700 annales,
728 1620 782 1684 sed
806 1619 934 1705 Polybii
962 1620 1134 1688 historiam
1161 1624 1359 1690 narrationis
1382 1624 1434 1689 Li-

264 1728 378 1794 vianae
418 1726 665 1793 fundamentum
706 1747 776 1792 esse
818 1727 1022 1812 cognoscitur
1065 1750 1102 1793 ex
1138 1728 1206 1795 Liv.
1226 1729 1315 1796 XLV
1333 1730 1386 1817 25,
1399 1733 1433 1796 4:

265 1832 482 1900 ‘Philocrates
507 1836 541 1897 et
563 1831 758 1917 Astymedes
788 1832 951 1917 principes
978 1834 1156 1918 legationis
1184 1835 1302 1902 erant’.
1348 1834 1432 1902 Nam

264 1942 299 2005 in
323 1939 493 2005 annalibus
521 1939 568 2005 nil
596 1939 635 2004 de
662 1938 849 2004 nominibus
881 1940 1026 2005 virorum
1059 1941 1192 2007 illorum
1225 1942 1301 2026 fuit3
1335 1965 1433 2027 quare

264 2050 360 2113 antea
384 2045 494 2110 Livius
517 2046 552 2110 in
574 2046 761 2112 universum
785 2045 912 2111 dixerat
939 2036 1159 2112 ‘Rhodiorum
1182 2047 1300 2134 legati'
1330 2046 1433 2136 (XLV

263 2156 315 2240 20,
329 2151 378 2241 4);
402 2174 475 2218 cum
498 2155 606 2218 autem
629 2152 757 2238 Polybii
780 2153 951 2218 historiam
974 2153 1048 2217 inde
1078 2177 1097 2218 a
1121 2152 1214 2218 XXX
1232 2154 1297 2234 5‚1
1328 2155 1432 2220 denuo

264 2260 472 2344 exscriberet,
494 2259 556 2324 hoc
580 2280 618 2323 ex
640 2259 712 2323 loco
740 2258 824 2323 falso
853 2259 1011 2324 conclusit
1034 2258 1252 2325 Philocratem
1276 2264 1309 2326 et
1333 2261 1431 2347 Asty-

263 2365 388 2432 medem
411 2366 506 2430 unius
530 2365 703 2450 legationis
726 2362 866 2450 fuisse).

306 2541 309 2547 ,
352 2472 505 2558 Polybius
528 2471 621 2535 XXX
640 2471 727 2536 6-9
751 2471 789 2536 de
813 2470 910 2536 exitio
933 2470 1072 2537 Dinonis
1096 2477 1128 2538 et
1151 2472 1320 2559 Polycrati
1343 2473 1433 2540 Rho-

263 2581 389 2647 diorum
413 2579 495 2665 egit3
519 2599 601 2663 quae
625 2576 781 2663 digressio
806 2576 934 2644 aLivio
959 2578 1080 2644 omissa
1104 2583 1162 2663 est,
1186 2580 1327 2646 fortasse
1348 2582 1434 2646 inter

263 2686 352 2752 XLV
374 2686 482 2772 10,14
510 2689 544 2750 et
568 2685 617 2750 15.
664 2683 771 2769 Atque
803 2683 898 2750 initio
932 2684 1062 2769 quidem
1092 2683 1200 2772 (XXX
1220 2685 1322 2774 6-7)
1355 2688 1432 2773 quin

263 2793 393 2879 Polybii
424 2793 526 2878 ipsius
560 2792 659 2858 verba
692 2793 803 2856 extent
834 2813 900 2856 non
936 2791 1063 2872 dubito,
1095 2793 1267 2878 praecipue
1298 2798 1433 2880 propter

263 2900 509 2967 similitudinem
533 2898 705 2985 quandam,
727 2920 808 2985 quae
831 2898 882 2963 his
907 2899 1014 2964 verbis
1038 2904 1088 2964 est
1111 2922 1183 2983 cum
1208 2900 1272 2965 alio
1297 2922 1432 2967 excursu

261 3007 443 3094 Polybiane
468 3006 552 3093 apud
572 3004 699 3071 Livium
720 3003 825 3092 (XLII
845 3006 896 3090 30,
912 3005 1012 3091 1-7)
1035 3007 1165 3072 tradito.
1201 3007 1324 3072 Eorum
1348 3008 1432 3073 viro·

262 3137 333 3180 rum
362 3114 460 3197 enim,
488 3134 569 3198 quos
593 3111 733 3177 Romani
761 3111 860 3176 Persa
887 3111 1012 3177 devicto
1041 3111 1115 3177 odio
1145 3113 1433 3199 persequebantur,

262 3224 399 3304 utroque
422 3219 494 3284 loco
518 3219 582 3284 tria
612 3239 732 3304 genera
760 3218 997 3301 discernuntur3
1025 3221 1163 3302 utroque
1191 3220 1262 3284 loco
1291 3219 1432 3302 scriptor

262 3348 318 3392 eos
342 3325 457 3392 ceteris
481 3326 659 3410 anteponit,
683 3325 737 3410 qui
760 3346 865 3409 neque
888 3323 1046 3389 Romanis
1069 3346 1174 3408 neque
1198 3323 1432 3390 Macedonibus

263 3455 297 3498 se
321 3433 542 3499 adiunxerant.
1119 3459 1120 3462 ¹

350 3537 460 3625 Usque
492 3538 533 3605 ad
560 3537 653 3603 XXX
672 3540 735 3624 7,8
769 3540 880 3604 auctor
911 3538 949 3605 de
982 3535 1118 3604 Graecia
1151 3539 1300 3605 universa
1334 3540 1431 3605 verba

260 3647 353 3729 fecit;
378 3647 407 3732 V,
421 3646 531 3711 9-10
555 3644 595 3711 ad
618 3645 722 3712 Ouum
746 3648 779 3710 et
801 3644 953 3710 Rhodum
979 3645 1102 3710 insulas
1131 3647 1217 3712 solas
1245 3650 1431 3712 revertens

261 3752 356 3819 duces
380 3752 534 3818 factionis
552 3752 777 3818 Macedonicae
801 3752 967 3836 utriusque
990 3752 1130 3818 civitatis
1155 3753 1315 3838 nominat3
1340 3757 1375 3818 at
1398 3754 1431 3816 in

202 3865 203 3868 ’
262 3860 322 3944 eis,
355 3883 436 3946 quae
474 3863 652 3944 sequuntur
685 3856 791 3944 (XXX
810 3856 912 3944 8-9)
946 3857 1147 3923 Rhodiorum
1179 3861 1309 3924 tantum
1345 3860 1430 3924 ratio

260 3965 408 4030 habetur.
452 3963 491 4029 Id
527 3964 589 4052 hac
621 3962 660 4029 de
697 3985 795 4028 causa
827 3963 948 4029 factum
982 3985 1051 4028 esse
1085 3964 1240 4045 arbitror,
1273 3965 1360 4050 quod
1392 3965 1431 4031 de

261 4070 389 4137 Dinone
408 4073 441 4136 et
460 4070 636 4155 Polyarato
656 4070 767 4136 Zenon
789 4071 960 4137 materiam
979 4071 1134 4138 narrandi
1155 4072 1319 4156 praestitit
1337 4073 1428 4138 uber-

261 4179 387 4261 rimam,
410 4177 448 4242 de
472 4175 547 4243 (lois
571 4198 646 4242 vero
669 4198 735 4242 non
758 4177 844 4243 item.

351 4425 378 4492 1)
398 4420 437 4478 cf.
457 4420 544 4477 etiam
562 4421 621 4478 Liv.
637 4421 711 4476 XLV
726 4427 767 4477 10.

350 4512 378 4581 2)
392 4509 437 4566 cf.
457 4510 642 4580 appendicem
662 4510 714 4566 lh.
