3498 5202
682 281 965 430 fi,—

281 490 413 558 sthenes
437 490 580 556 diversos
604 490 714 575 fuisse,
733 490 789 555 sed
811 512 913 562 unum
936 491 1135 577 eundemque
1155 493 1259 558 tirum
1281 495 1450 579 probabile

280 618 403 662 censeo.

369 721 440 787 Iam
474 721 514 787 ad
541 721 750 788 Antisthenis
780 743 861 806 opus
888 725 1109 806 transeamus,
1136 723 1174 792 de
1202 745 1265 808 quo
1293 723 1450 809 Polybius

281 851 363 894 unus
387 829 481 894 nobis
505 831 617 895 auctor
641 829 712 894 erit
752 827 814 894 1119
838 831 947 894 autem
970 827 1133 894 Rhodium
1157 830 1261 895 ineis
1285 831 1450 914 scriptori-

282 937 342 1001 bus
364 935 556 1019 numeravit,
574 935 630 1020 qui
654 935 855 1020 singularum
878 938 1006 999 tantum
1026 935 1194 1000 civitatum
1217 959 1267 1002 res
1288 938 1451 1020 exposuis-

282 1047 354 1108 sent
371 1041 464 1124 (XVI
484 1043 535 1126 14,
552 1041 595 1128 1),
618 1064 689 1107 cum
713 1040 784 1126 ipse
807 1041 908 1108 totius
933 1041 1021 1124 orbis
1044 1045 1203 1107 terrarum
1223 1042 1394 1108 historiam
1417 1065 1450 1109 99
1492 1103 1494 1107 ,

281 1149 453 1234 complecti
476 1150 671 1235 gloriaretur
694 1148 822 1234 (14‚6;
846 1147 895 1211 ΙΠ
915 1149 967 1231 32,
981 1147 1025 1232 2).
1071 1147 1120 1213 119
1148 1149 1304 1232 temporis
1334 1149 1451 1234 spatio,

284 1255 369 1341 quod
393 1255 477 1322 libro
501 1255 730 1320 Antisthenico
754 1255 990 1338 continebatur,
1014 1277 1030 1319 9
1054 1255 1160 1320 verbis
1183 1256 1266 1320 κατὰ
1288 1252 1386 1341 μέρος
1403 1256 1451 1320 nil

281 1362 391 1449 colligi
419 1366 544 1448 potest,
572 1361 729 1445 siquidem
756 1361 803 1426 eis
831 1381 897 1425 non
925 1363 1068 1445 tempus,
1098 1362 1153 1426 sed
1183 1363 1272 1428 locus
1302 1364 1450 1427 terminis

280 1469 564 1534 circumscribitur.
609 1468 740 1552 Pugnae
773 1467 906 1532 navales
940 1467 980 1531 ad
1014 1465 1131 1532 Chium
1164 1471 1196 1532 91
1222 1468 1332 1533 Laden
1365 1491 1450 1534 com·
1552 1467 1554 1471 ’

280 1576 397 1640 missas
417 1573 501 1656 (Pol.
516 1573 595 1640 XVI
617 1574 668 1658 14,
682 1571 718 1660 5)
742 1577 775 1639 et
797 1574 943 1657 proditos
966 1596 986 1637 a
1003 1572 1154 1658 Philippo
1178 1594 1254 1657 rege
1273 1573 1450 1639 Messenios

280 1679 373 1766 (XVI
396 1681 446 1764 16,
463 1678 496 1766 1)
530 1679 743 1745 Antisthenes
776 1679 962 1763 descripsit3
993 1680 1041 1744 nil
1075 1681 1212 1763 amplius
1245 1681 1284 1745 de
1316 1681 1451 1746 circuitu

281 1788 354 1852 libri
379 1791 492 1852 notum
517 1791 582 1872 est,
609 1786 719 1870 itaque
749 1808 852 1871 neque
881 1787 1015 1871 scimus,
1042 1787 1204 1870 ceperitne
1230 1786 1288 1851 illa
1314 1786 1452 1853 historia

281 1894 412 1960 initium
432 1895 472 1958 ab
493 1893 618 1979 origine
634 1892 845 1977 Rhodiorum,
863 1915 968 1978 neque
987 1897 1118 1959 constat
1136 1893 1311 1978 quidquam
1330 1894 1369 1958 de
1388 1895 1451 1959 fine

279 2002 397 2086 operis.
445 1999 551 2076 Quare
575 1999 701 2065 Zellero
711 1997 737 2086 ¹)
760 2022 826 2064 non
849 2000 955 2065 solum
979 1999 1126 2066 debello
1150 1999 1371 2085 Macedonico,
1395 2000 1451 2064 sed

280 2109 378 2173 etiam
409 2107 447 2172 de
478 2110 550 2172 tota
582 2106 650 2172 eius
679 2106 796 2172 aetatis
825 2105 963 2171 historia
987 2106 1214 2172 Antisthenem
1243 2108 1348 2191 egisse
1376 2129 1451 2173 con·

280 2217 367 2279 stare
378 2212 585 2280 contendenti
594 2233 661 2277 non
677 2212 850 2297 assentior3
865 2234 948 2297 quae
959 2213 1044 2278 enim
1055 2212 1212 2297 Polybius
1221 2210 1451 2301 (XVIl8sqq.)

247 2389 249 2394 ,
280 2321 452 2408 depugna
476 2317 516 2383 ad
539 2318 677 2383 Panium
705 2319 879 2384 commissa
902 2323 1027 2401 narrat,
1051 2340 1117 2384 non
1145 2318 1186 2382 ad
1209 2316 1452 2404 Antisthenem,

279 2424 337 2490 scd
360 2425 401 2489 ad
424 2423 585 2489 Zenonem
608 2424 772 2490 Rhodium
797 2426 902 2491 solum
924 2424 1097 2510 pertinent

369 2548 606 2614 Praestantiam
625 2549 780 2614 historias
795 2548 1001 2614 Antisthenis
1020 2571 1085 2614 una
1104 2571 1176 2614 cum
1197 2548 1334 2614 Zenonis
1355 2572 1451 2635 opere

279 2654 437 2740 Polybius
452 2653 545 2742 (XVI
563 2655 613 2734 14,
628 2656 647 2718 2
660 2652 721 2741 sq.)
740 2654 894 2740 laudavit,
908 2676 1087 2740 permagno
1108 2677 1146 2720 ex
1166 2677 1300 2720 numero
1317 2657 1451 2741 scripto-

281 2785 363 2846 rum,
384 2763 439 2847 qui
462 2783 501 2826 ea
523 2766 673 2845 tempora
695 2764 902 2845 tractassent,
921 2761 997 2827 illos
1016 2762 1095 2826 duos
1116 2763 1204 2827 solos
1224 2765 1315 2826 ratus
1335 2762 1450 2847 dignos

281 2890 363 2952 esse,
387 2869 442 2953 qui
467 2890 611 2933 seorsum
636 2867 862 2952 deligerentur.
903 2866 941 2931 In
967 2869 1162 2934 Antisthene
1185 2868 1268 2933 nihil
1292 2868 1450 2953 vitupera-

279 2976 326 3041 vit
352 2975 416 3041 nisi
443 2975 520 3059 hoc,
552 2975 638 3061 quod
665 2975 790 3058 patriae
817 2957 916 3039 nimis
945 2997 1057 3040 amans
1085 2974 1232 3040 Rhodios
1259 2975 1382 3059 proelio
1411 2975 1451 3039 ad

285 3081 395 3147 Laden
419 3081 591 3147 commisso
616 3082 797 3165 superiores
826 3081 1012 3146 discessisse
1041 3079 1251 3164 affirmasset,
1279 3102 1351 3146 cum
1375 3080 1451 3146 Phi·

279 3188 388 3272 lippus
412 3188 517 3254 victor
540 3187 663 3252 fuisset.
701 3187 858 3252 Attamen
877 3208 1020 3272 pugnam
1043 3187 1157 3270 ipsam,
1177 3186 1338 3271 quomodo
1359 3192 1451 3270 gesta

282 3298 377 3377 esset,
396 3295 437 3358 ab
457 3293 652 3358 Antisthene
671 3292 803 3357 veritati
821 3293 1049 3357 convenienter
1067 3299 1249 3356 enarratam
1270 3313 1348 3375 esse,
1368 3292 1451 3357 unde

282 3399 427 3465 Rhodios
452 3402 621 3482 superatos
646 3419 715 3464 esse
740 3397 892 3463 facillime
917 3403 1175 3482 cognosceretur,
1199 3398 1354 3483 Polybius
1379 3420 1451 3463 con-

282 3505 388 3572 cessit.
425 3507 470 3570 At
488 3504 657 3570 victoriam
677 3502 820 3588 Philippi
838 3526 879 3568 ne
899 3504 984 3588 apud
1003 3503 1175 3588 Polybium
1195 3504 1324 3589 quidem
1348 3507 1451 3570 mani-

279 3612 361 3676 feste
395 3612 577 3694 expositam
609 3609 711 3675 fuisse
744 3612 794 3675 191
828 3611 903 3674 inde
936 3616 1086 3695 apparet,
1118 3610 1203 3694 quod
1235 3611 1363 3695 Livius,
1396 3612 1451 3696 qui

279 3717 388 3784 XXXI
410 3719 497 3804 14,4
520 3717 649 3782 easdem
672 3738 724 3782 res
750 3739 788 3781 ex
811 3716 949 3800 Polybio
974 3718 1008 3781 in
1031 3716 1203 3782 historiam
1232 3740 1323 3783 suam
1346 3722 1451 3782 trans-

280 3822 401 3910 tulit2),
424 3846 489 3889 non
513 3824 618 3889 solum
641 3823 725 3906 apud
750 3821 880 3906 Ohium,
904 3823 959 3887 sed
988 3824 1085 3888 etiam
1110 3822 1196 3906 apud
1217 3821 1330 3888 Laden
1353 3823 1451 3888 victo·

281 3931 364 3996 riam
396 3929 549 4014 Philippo
586 3930 774 4012 abrogavit,
805 3928 942 3994 Rhodiis
975 3929 1134 3994 attribuit.
1180 3927 1293 4013 Neque
1325 3951 1381 3993 rex
1412 3951 1451 3993 ex

281 4036 417 4102 victoria
440 4036 541 4100 ullum
565 4034 705 4101 fructum
729 4035 816 4118 cepit
838 4031 922 4122 (Pol.
941 4033 1020 4100 XVl
1043 4032 1108 4120 10).
1154 4034 1288 4100 Litteris
1318 4058 1337 4100 a
1361 4056 1450 4119 prae·
1533 4125 1537 4132 .

372 4266 397 4332 1)
416 4229 661 4320 Monatsberichte¹
673 4263 723 4317 der
740 4261 868 4318 Berliner
886 4229 1042 4318 Akademie
1062 4267 1139 4331 1883,
1159 4280 1186 4332 p.
1202 4269 1270 4320 1067
1281 4281 1342 4332 sqq.

371 4357 397 4420 2)
417 4351 458 4411 ef.
472 4352 584 4422 Nissen,
602 4350 674 4408 Krit.
692 4351 802 4407 Unters.
822 4351 892 4407 tiber
910 4350 956 4406 die
971 4351 1090 4418 Quellen
1108 4352 1158 4406 der
1176 4358 1201 4408 4.
1217 4351 1274 4406 und
1293 4356 1318 4406 5.
1332 4349 1448 4406 Dekade

282 4440 331 4495 des
349 4423 455 4512 hivius,
473 4460 500 4511 p.
517 4446 576 4496 122.
