3498 5202
720 379 937 444 ..61-

243 559 306 623 quo
326 538 411 603 hanc
428 538 585 603 historiae
603 540 730 623 partem
749 539 951 623 conscripsit,
969 539 1093 604 alienus
1113 543 1183 632 erat
1202 541 1243 604 ab
1264 541 1309 604 eis
1328 539 1410 626 (Liv.

241 642 334 708 XLII
352 641 531 730 30,1-7).
568 643 681 728 Neque
700 666 777 709 vero
801 666 852 709 res
871 643 1015 710 Rhodias
1035 649 1128 711 tanta
1152 644 1323 733 diligentia
1340 668 1412 730 per-

240 754 428 836 tractasset,
461 751 525 815 nisi
561 751 702 836 plurima
738 751 805 817 iem
837 751 922 837 apud
956 740 1117 817 Zenonem
1150 752 1332 838 composita
1364 754 1412 818 in·

240 847 389 923 venisset.
1259 837 1272 858 ⁸

327 963 375 1029 De
399 964 537 1050 singulis
560 964 654 1030 haee:
790 1037 793 1041 ,

328 1066 362 1156 a)
385 1069 453 1136 Liv.
472 1068 563 1134 XLII
584 1069 722 1150 11-14.
770 1069 852 1137 Cum
875 1070 1037 1137 Eumenes
1068 1072 1213 1138 oratione
1235 1074 1271 1137 in
1295 1077 1411 1139 senatu

241 1176 355 1242 habita
374 1176 526 1242 Perseum
546 1198 655 1263 regem
676 1181 794 1262 aperte,
813 1177 960 1244 Rhodios
981 1179 1107 1244 occulte
1126 1179 1304 1245 insectatus
1324 1183 1412 1245 esset

239 1280 322 1366 (Liv.
341 1283 434 1348 XLII
454 1284 539 1368 12,1
565 1286 597 1348 et
622 1285 672 1368 12,
687 1282 733 1372 4),
750 1284 901 1368 princeps
920 1284 1095 1370 legationis
1114 1285 1317 1352 Rhodiorum
1336 1286 1411 1352 civi-

239 1392 341 1454 tatem
364 1412 456 1456 suem
480 1390 651 1456 defendere
676 1388 842 1478 studuit1).
889 1389 981 1467 Quod
1009 1392 1136 1475 legatus
1165 1397 1299 1477 propter
1326 1393 1411 1458 hanc

238 1497 422 1562 contionem
460 1519 520 1582 pro
553 1496 670 1563 Perseo
708 1496 857 1563 habitam
886 1495 1141 1582 reprehendatur
1172 1494 1279 1584 (XLII
1300 1501 1350 1581 14,
1366 1496 1411 1586 8),

238 1605 347 1668 utrum
366 1602 488 1669 Zenoni
512 1627 554 1669 an
572 1602 664 1670 Livio
688 1605 754 1689 des,
772 1604 821 1668 nil
839 1603 951 1687 refert3
973 1605 1025 1669 his
1045 1609 1131 1670 certe
1151 1605 1258 1670 verbis
1277 1602 1346 1693 (14,
1360 1603 1410 1694 9):

238 1707 435 1775 ‘orationem
462 1710 644 1775 habuit-
668 1711 818 1776 inutilem
848 1711 910 1775 sibi
939 1714 979 1780 et,
999 1711 1125 1776 civitati
1154 1711 1247 1778 suae’
1273 1713 1411 1797 scriptor

237 1837 346 1880 rerum
368 1816 569 1882 Rhodiarum
591 1821 810 1901 monstretur,
834 1839 907 1882 cum
930 1817 1123 1882 vocabulum
1147 1817 1242 1883 ‘sibi'
1266 1823 1411 1903 spectare

239 1926 388 2006 oporteat
420 1925 459 1987 ad
492 1924 697 1990 incommoda
728 1924 838 2009 legato
871 1947 891 1988 a
921 1922 1064 1988 factione
1092 1923 1249 1989 Romanis
1280 1925 1410 1991 favente

238 2028 348 2114 allata,
367 2032 540 2114 postquam
560 2030 690 2096 domurn
714 2029 825 2115 rediit3
850 2030 949 2095 etiam
974 2051 1056 2114 quac
1073 2029 1242 2115 Appienus
1266 2032 1304 2096 de
1324 2033 1411 2119 lega·

237 2135 326 2201 tione
344 2135 499 2201 Eumenis
523 2136 563 2201 ad
583 2135 669 2203 Solis
694 2136 867 2202 sollemnia
885 2135 1036 2201 Rhodum
1056 2137 1156 2202 missa
1178 2138 1269 2222 dixit,
1288 2137 1410 2204 Zenoni

239 2243 392 2308 attribuo.

325 2347 361 2436 b)
385 2348 454 2416 Liv.
471 2349 562 2414 XLII
581 2349 635 2435 26,
648 2349 677 2414 8.
715 2349 805 2415 Haec
829 2372 866 2415 ex
891 2350 1063 2436 annalibus
1088 2349 1279 2436 deprompta
1303 2373 1407 2436 neque

237 2455 335 2542 digna
358 2478 436 2540 esse,
462 2457 579 2540 quibus
602 2455 681 2520 fides
704 2456 889 2537 haberetur,
910 2456 1028 2522 Nissen
1056 2453 1100 2544 (p.
1120 2457 1184 2522 247
1201 2455 1263 2543 sq.)
1287 2458 1407 2524 docuit.

325 2559 356 2648 c)
380 2561 449 2627 Pol.
468 2561 597 2628 XXVII
620 2564 640 2628 3
664 2593 706 2616 =
730 2561 799 2628 Liv.
821 2562 914 2628 XLII
937 2563 990 2630 45.
1036 2563 1229 2649 Quanquam
1261 2563 1323 2629 hoc
1355 2587 1409 2629 ex·

236 2672 381 2752 cerptum
410 2668 622 2753 Polybianum
659 2670 694 2734 in
730 2673 905 2756 angustum
941 2672 1146 2735 contractum
1182 2667 1282 2755 estI),
1316 2671 1407 2757 origo

236 2773 365 2840 Rhodia
393 2773 467 2839 inde
495 2776 713 2860 cognoscitur,
742 2779 864 2860 quanta
892 2774 1061 2860 diligentia
1089 2780 1122 2841 et
1151 2777 1257 2842 studio
1281 2799 1408 2842 enume

235 2884 357 2969 rentur,
378 2903 584 2967 quaecunque
602 2881 818 2968 Agesiloohus
841 2883 929 2948 inre
952 2883 1084 2966 publica
1103 2883 1243 2968 gerenda
1265 2883 1408 2968 perfecit.

237 2987 424 3053 Orationem
456 2989 604 3074 prytanis
628 2990 662 3054 in
684 2988 814 3074 Polybii
835 2989 1020 3075 fragmento
1050 2989 1163 3054 leviter
1191 2989 1408 3076 significatam

237 3093 377 3180 (XXVII
395 3097 426 3180 3,
440 3093 476 3183 3)
499 3094 609 3162 Livius
637 3096 753 3161 melius
782 3097 986 3162 conservavit
1009 3095 1116 3182 (XLII
1135 3096 1188 3181 45,
1202 3093 1313 3182 4-6).
1360 3097 1408 3161 De

235 3203 394 3268 vocabulo
418 3197 529 3288 (ναῦς)
552 3201 779 3282 ὑποζωννύειν
803 3200 948 3291 (XXVII
966 3204 996 3288 3,
1010 3199 1060 3289 3),
1088 3203 1173 3287 quod
1204 3202 1289 3288 apud
1314 3203 1407 3288 Poly·

236 3307 325 3372 bium
355 3309 418 3374 hoc
450 3308 522 3374 loco
554 3331 619 3375 uno
652 3308 784 3396 legitur,
816 3309 926 3375 videas
960 3309 1047 3374 infra
1080 3307 1126 3394 (p.
1145 3309 1218 3395 64);
1250 3308 1336 3394 quod
1368 3331 1407 3375 ex

238 3413 366 3479 Zenone
388 3419 538 3480 mutuum
561 3420 726 3502 sumptum
750 3437 820 3482 esse
843 3437 1033 3501 persuasum
1055 3415 1171 3481 habeo.
1403 3499 1405 3503 Ι

325 3518 359 3607 d)
381 3520 452 3588 Pol.
465 3522 591 3588 XXVII
606 3523 636 3606 4,
650 3523 761 3589 3.-10
776 3553 817 3576 =
832 3522 899 3588 Liv.
918 3521 1010 3587 XLII
1023 3522 1077 3606 46,
1093 3523 1187 3587 1-6,
1211 3520 1260 3588 cf.
1277 3520 1407 3608 Nissen,

235 3651 266 3712 p.
285 3627 359 3693 252.
405 3627 568 3694 Zenonem
590 3630 643 3695 vel
666 3630 727 3696 hoc
750 3629 886 3714 indicat,
910 3631 993 3714 quod
1022 3633 1130 3695 certus
1158 3651 1266 3695 rerum
1296 3651 1408 3717 geren·

236 3734 349 3799 darum
381 3739 473 3801 tenor
505 3737 710 3802 observatur:
747 3737 911 3802 nonnullis
944 3736 1070 3821 diebus,
1098 3741 1273 3822 postquam
1304 3737 1408 3824 legati

234 3839 345 3907 Persei
367 3842 496 3908 litteras
520 3841 786 3927 magistratibus,
799 3842 993 3927 prytanibus
1018 3843 1182 3928 nimirum,
1205 3843 1407 3910 tradiderant

236 3942 318 4032 (Pol.
336 3946 466 4014 XXVII
483 3949 514 4031 4,
527 3945 579 4035 4),
605 3970 657 4013 res
690 3949 724 4013 in
754 3952 868 4014 senatu
896 3949 1011 4035 agitur.
1057 3947 1170 4033 Neque
1199 3950 1278 4015 sine·
1297 3951 1407 4035 aliqua

236 4054 502 4139 comprobatione
526 4055 725 4121 consuetudo
743 4054 944 4122 Rhodiorum
968 4055 1170 4136 describitur,
1189 4056 1245 4141 qui
1268 4057 1301 4121 id
1321 4079 1407 4122 sum·
1463 4067 1467 4076 ’

236 4180 367 4244 mopere
386 4161 615 4247 moliebantur,
632 4166 671 4227 ut
688 4163 836 4228 neutrius
854 4162 959 4247 partis
977 4163 1087 4228 hostes
1106 4163 1221 4228 fierent
1235 4159 1407 4250 (4,8-9).

325 4409 351 4476 1)
369 4406 428 4463 Lis.
440 4408 516 4462 XLII
531 4413 573 4480 14,
588 4415 671 4478 6-9,
690 4409 762 4480 App.
777 4407 832 4466 Ma.
849 4415 891 4480 11,
906 4415 930 4464 3.
968 4409 1009 4466 cf.
1028 4409 1139 4481 Nissen,
1157 4428 1183 4480 p.
1200 4414 1261 4466 245.

324 4497 351 4568 2)
371 4494 411 4553 cf.
430 4495 541 4568 Nissen,
561 4516 588 4568 p.
605 4504 645 4554 15.
