3498 5202
832 369 1048 434 -58-

354 532 482 614 rantur,
505 529 680 614 Lyciorum
708 529 810 615 legati
838 551 903 594 non
931 529 1008 594 item
1032 525 1112 616 (5,8
1136 532 1170 595 et
1192 526 1303 616 5,10).
1349 528 1527 596 Auctorem

356 658 472 702 causae
494 635 698 702 Rhodiorum
720 635 830 701 favere
854 632 899 723 (5,
913 635 934 701 5
949 631 1033 722 sqq.)
1057 636 1181 721 optime
1203 636 1331 702 dilucet.

444 738 481 830 b)
504 742 572 808 Pol.
586 741 678 808 XXV
693 743 723 807 4.
751 739 814 807 Hic
833 742 945 808 eadem
963 741 1052 808 facta
1070 746 1300 826 memorantur,
1319 765 1400 829 quae
1417 743 1526 810 Livius

356 850 421 915 iam
446 847 520 913 XLI
539 850 570 933 6,
584 850 693 915 8-12
717 871 756 914 ex
780 849 952 915 annalibus
976 853 1172 915 narraverat
1209 849 1373 936 Polybius,
1396 855 1527 916 uteret

355 956 478 1021 arbiter
499 977 620 1042 aequus
638 956 814 1041 iustusque,
832 978 872 1021 ne
894 955 1038 1022 Rhodios
1057 956 1187 1041 quidem
1206 957 1301 1041 culpa
1320 977 1434 1022 vacare
1454 978 1526 1022 con-

355 1060 503 1160 cessit¹).,
526 1063 577 1128 Ex
598 1063 661 1128 fine
675 1084 752 1128 vero
774 1063 869 1128 huius
885 1085 1011 1148 quoque
1034 1062 1151 1148 capitis
1171 1063 1216 1146 (4,
1230 1063 1251 1127 6
1266 1060 1350 1150 sqq.)
1365 1062 1526 1129 Zenonem

356 1192 527 1257 agnosces,
551 1171 704 1255 quoniam
736 1169 812 1253 quid
835 1170 980 1254 plerique
1008 1169 1210 1235 Rhodiorum
1237 1169 1276 1233 de
1303 1170 1526 1236 Romanorum

355 1275 469 1340 fraude
506 1279 539 1340 et
574 1275 711 1361 perfidia
748 1275 973 1360 iudicaverint,
1006 1280 1119 1360 aperta
1155 1297 1227 1342 cum
1261 1276 1526 1361 comprobatione

354 1379 535 1468 referturil.
581 1381 676 1448 Dona
699 1382 836 1467 denique
860 1405 879 1448 a
902 1381 1019 1448 Perseo
1044 1381 1179 1448 Rhodiis
1208 1382 1282 1448 data
1312 1379 1429 1470 (4,1o)
1457 1383 1526 1449 dili·

354 1494 469 1575 genter
492 1493 729 1556 enumerantur.

443 1596 474 1683 c)
499 1597 567 1664 Pol.
582 1597 675 1662 XXV
694 1597 725 1662 5.
761 1596 913 1676 Valeton,
936 1597 1021 1662 sicut
1043 1595 1230 1681 saepissime
1254 1596 1301 1660 ita
1322 1596 1377 1662 hic
1399 1618 1525 1681 quoque

357 1703 632 1770 renuntiationem
657 1703 798 1788 aliquam
816 1703 999 1790 legatorum
1018 1701 1221 1768 Rhodiorum
1240 1703 1436 1788 exscriptam
1456 1725 1526 1770 esse

355 1815 468 1876 censet
491 1809 537 1897 (p.
555 1810 631 1896 215,
654 1811 728 1876 adn.
749 1808 797 1898 1);
830 1831 891 1896 ego
924 1809 1004 1875 haec
1028 1809 1168 1875 Zenonis
1197 1830 1267 1875 esse
1299 1811 1417 1876 malim.
1463 1808 1526 1876 Sed

357 1919 424 1983 iam
448 1918 512 1982 ista
535 1919 717 2002 mittamus3
745 1917 783 1981 de
807 1916 934 2002 origine
958 1915 1087 1982 Rhodia
1114 1919 1201 1982 certe
1224 1916 1437 1983 dubitandum
1459 1939 1526 1983 non

355 2028 418 2110 est;
451 2022 643 2109 Lycophron
674 2022 822 2090 Rhodius
853 2021 1053 2107 nominatur3
1089 2044 1155 2108 res,
1188 2023 1227 2087 de
1259 2024 1375 2108 quibus
1408 2024 1525 2111 agitur,

354 2130 462 2196 Rhodi
485 2135 653 2217 geruntur3
679 2134 793 2197 auctor
816 2152 890 2196 cum
912 2129 1049 2195 Rhodiis
1072 2129 1162 2196 facit.

444 2236 478 2323 d)
503 2236 572 2304 Liv.
589 2236 664 2303 XLI
683 2237 735 2320 25,
750 2239 780 2303 8.
825 2235 937 2302 Livius
961 2236 1047 2320 apud
1071 2240 1234 2302 auctorem
1259 2257 1367 2322 suum,
1390 2237 1452 2303 hoc
1476 2241 1526 2304 est

356 2344 441 2429 apud
465 2343 650 2429 Polybium,
678 2327 918 2410 enarrationem
947 2344 1112 2430 copiosam
1141 2343 1180 2408 de
1207 2343 1294 2408 bello
1323 2344 1364 2409 ab
1388 2342 1525 2410 Rhodiis

354 2473 394 2517 ea
426 2455 534 2517 aetate
567 2452 602 2516 in
630 2451 728 2516 Asiae
761 2451 947 2516 continente
975 2453 1069 2535 gesto
1098 2471 1132 2515 se
1161 2449 1322 2515 invenisse
1352 2450 1525 2536 significat.

355 2556 418 2624 Sed
441 2580 477 2623 se
498 2557 578 2624 haec
601 2561 845 2643 persecuturum
869 2577 939 2622 esse
969 2556 1084 2622 abnuit
1112 2555 1287 2622 simillimis
1312 2556 1419 2623 verbis
1447 2579 1524 2622 usus

355 2669 452 2750 atque
476 2665 541 2730 iam
565 2687 663 2750 supra
682 2661 840 2748 (XXXIII
858 2659 992 2751 20‚13).
1029 2662 1109 2728 Oum
1133 2662 1305 2748 utrobique
1322 2661 1408 2728 Livii
1426 2664 1526 2730 verba

357 2771 398 2837 ad
421 2793 472 2836 res
492 2770 637 2836 Rhodias
657 2773 815 2855 spectent,
831 2769 895 2836 hoc
914 2774 1000 2834 certe
1019 2769 1172 2854 colligere
1191 2769 1281 2855 licet,
1301 2774 1333 2835 et
1352 2769 1524 2856 Polybium

354 2877 516 2942 uberrime
539 2878 578 2942 de
596 2875 705 2942 Rhodi
726 2877 823 2941 rebus
843 2877 1004 2961 egisse-
1020 2876 1173 2941 nimirum
1198 2875 1284 2960 quod
1307 2875 1413 2942 fontes
1432 2879 1524 2942 uber-

354 2983 429 3049 rimi
447 2982 568 3049 Rhodii
591 2982 621 3047 ei
642 2985 773 3068 praesto
797 2985 891 3048 erant
908 3018 965 3067 -,
989 2985 1022 3047 et
1040 2981 1167 3048 Livium
1190 2983 1360 3067 permulta,
1384 3004 1466 3068 quae
1486 2983 1525 3049 de

355 3088 470 3155 Rhodo
494 3093 610 3175 essent,
634 3088 791 3154 omisisse.

444 3192 476 3282 e)
500 3195 589 3273 Quae
612 3198 781 3281 praeterea
804 3194 845 3260 ad
867 3195 1019 3262 Rhodum
1042 3196 1239 3283 referuntur,
1262 3196 1303 3263 ad
1325 3196 1433 3262 fontes
1454 3217 1525 3282 per·

358 3301 540 3386 spiciendos
564 3302 697 3369 inutilia
718 3323 789 3368 esse
812 3298 926 3389 reorl).

628 3568 678 3633 13.
714 3579 762 3635 De
785 3577 877 3634 bello
900 3579 1119 3635 Macedonico
1141 3579 1252 3636 tertlo.

445 3709 713 3775 Manifestissime
727 3711 884 3796 reliquiae
898 3711 1073 3778 memoriae
1088 3711 1244 3796 Rhodiae,
1260 3713 1408 3797 quamvis
1422 3735 1525 3798 rarae,

355 3816 391 3880 in
414 3817 502 3881 bello
525 3815 731 3883 Macedonico
760 3817 859 3884 tertio
888 3815 1082 3906 descripto4)
1110 3821 1233 3905 patent.
1278 3819 1347 3884 Iam
1372 3819 1524 3886 Valetoni

445 4046 471 4114 1)
488 4044 548 4102 Pol.
562 4044 639 4100 XXV
652 4053 678 4117 4,
692 4053 722 4102 4:
741 4046 793 4116 τὴν
807 4044 922 4102 Ῥοδίων
942 4047 1090 4120 βαρύτητα.

444 4135 471 4204 2)
490 4134 530 4189 cf.
549 4133 678 4205 Valeton,
696 4154 724 4206 p.
740 4141 801 4191 215.

446 4225 474 4294 3)
492 4222 551 4280 Lir.
567 4223 708 4278 XXXVIII
722 4230 765 4294 60,
781 4230 796 4279 6
816 4239 851 4278 ex
869 4224 1018 4280 annalibus
1036 4225 1182 4294 haustum3
1201 4226 1261 4283 Pol.
1272 4226 1362 4282 XXIII
1376 4233 1400 4296 9,
1416 4234 1444 4295 ὓς
1464 4227 1523 4283 LIr.

354 4311 407 4368 XL.
418 4319 442 4383 2,
458 4318 487 4381 ὃς
515 4311 574 4368 Liv.
588 4311 648 4366 XLI
664 4318 688 4381 6,
703 4318 790 4367 8-12
809 4328 844 4368 ex
862 4313 1012 4370 annalibus
1030 4315 1176 4384 haustum
1204 4315 1263 4372 Pol.
1277 4316 1356 4372 XXV
1370 4321 1394 4387 6,
1411 4323 1439 4386 1;
1462 4315 1522 4373 Liv.

353 4401 415 4456 XLI
428 4407 471 4558 24)),
488 4405 548 4546 idol.
562 4488 804 4562 XXVII-XXIX;
823 4489 882 4547 Lir.
896 4491 1086 4547 XLII-XLV.
