3498 5202
715 336 934 398 ..19-

238 495 349 560 omnia
380 494 562 579 perspicere
595 498 629 559 et
657 498 856 580 pertractare
885 497 1076 560 conaturum
1104 516 1174 559 esse
1204 497 1409 561 asseveravit.

238 600 332 668 Unde
349 599 526 684 Polybium
549 600 611 665 hac
634 601 665 664 in
690 621 724 665 re
747 623 814 666 non
837 600 975 665 aliorum
995 600 1050 665 sed
1070 623 1161 666 suam
1183 601 1285 684 ipsius
1309 601 1410 666 scien·
1437 588 1444 604 '

238 708 318 772 tiam
343 705 488 792 proferre
511 706 701 772 concludere
725 710 864 792 oportet.

326 812 397 878 Iam
421 834 493 878 cum
517 813 669 879 notitiam
692 813 824 879 illarum
847 835 954 878 rerum
977 836 1043 879 non
1063 836 1101 879 ex
1118 814 1240 880 fabulis
1260 821 1293 880 ct
1312 816 1410 879 iacta-

238 920 385 986 tionibus
408 924 581 985 nautarum
605 922 638 983 et
661 921 877 983 mercatorum
906 909 1057 984 haustam
1086 942 1156 984 esse
1185 921 1254 1003 ipse
1282 921 1409 1005 saepius

239 1027 413 1093 contendat
436 1023 501 1113 (IV
519 1025 645 1109 39,11;
669 1026 721 1109 42,
737 1025 785 1109 7),
817 1047 883 1091 non
915 1028 981 1110 est,
1008 1047 1065 1090 cur
1095 1026 1125 1091 ei
1149 1026 1334 1091 diffidamus
1358 1049 1410 1091 ex·

239 1133 436 1218 positionem
460 1154 552 1198 suam
571 1129 634 1219 (IV
648 1133 700 1216 39,
717 1131 773 1216 11)
798 1130 834 1197 ἐκ
856 1140 914 1216 τῆς
936 1133 1018 1197 κατὰ
1041 1133 1146 1214 φύσιν
1169 1135 1316 1216 θεωρίας
1337 1156 1410 1218 pro·

239 1240 337 1305 diisse
368 1239 495 1305 dicenti.
541 1239 650 1324 Atque
679 1240 871 1324 scriptorem
901 1240 967 1304 suis
996 1238 1098 1322 ipsius
1128 1241 1230 1306 oeulis
1259 1240 1408 1326 regiones

238 1343 621 1431 illasperluscravisse1)
650 1367 722 1410 cum
746 1367 784 1410 ex
807 1347 909 1411 totius
932 1346 1165 1431 disputationis
1189 1345 1315 1411 ratione
1339 1350 1409 1411 tum

240 1452 375 1539 singulis
406 1474 444 1517 ex
478 1452 608 1518 indiciis
636 1452 856 1538 cognoscitur3
889 1452 1027 1537 exempli
1061 1452 1168 1536 gratia
1200 1453 1332 1518 nomino
1360 1451 1409 1518 IV

239 1560 291 1642 38,
304 1560 414 1645 4sqq,
434 1559 708 1624 enumerationem
722 1563 906 1624 accuratam
926 1581 1037 1624 earum
1051 1580 1168 1643 rerum,
1183 1580 1264 1642 quae
1285 1580 1324 1623 ex
1342 1558 1408 1623 illis

239 1665 336 1730 terris
360 1665 523 1751 exportari
547 1668 644 1749 atque
666 1685 778 1729 rursus
802 1667 837 1730 in
861 1686 916 1729 eas
939 1665 1108 1748 importari
1128 1665 1295 1743 solebant3
1318 1687 1409 1749 prae·

241 1775 331 1836 terea
350 1770 494 1838 conferas
514 1769 562 1836 IV
577 1771 630 1855 39,
645 1769 746 1857 5-63
764 1772 822 1856 433
840 1772 893 1855 44,
908 1772 947 1836 4:
971 1771 1089 1857 quibus
1113 1793 1152 1836 ex
1175 1771 1255 1836 locis
1274 1772 1410 1854 scripto-

241 1900 310 1944 rem
334 1878 516 1965 Bosporum
539 1877 714 1943 Thracium
737 1878 849 1943 risisse
881 1877 1089 1943 manifestum
1117 1882 1179 1963 est3
1210 1881 1307 1962 atque
1337 1900 1410 1943 eum

240 1985 339 2050 etiam
363 1986 491 2069 saepius
515 1985 554 2050 de
572 1983 679 2052 Ponto
702 1984 801 2051 verba
825 1983 940 2049 fecisse
965 2006 1003 2049 ex
1021 1983 1162 2049 XXXIV
1172 1984 1228 2069 -12,
1243 1985 1350 2050 8-11
1378 1990 1410 2050 et

242 2091 291 2177 15,
306 2091 327 2157 5
350 2096 494 2177 apparet.

327 2198 399 2264 Hoc
423 2199 547 2264 scilicet
569 2199 603 2264 in
631 2202 785 2284 promptu
808 2201 858 2263 est
884 2199 1020 2282 physica
1048 2197 1107 2262 illa
1134 2194 1196 2283 (IV
1216 2198 1270 2277 39,
1287 2197 1410 2284 lsqq.),

240 2327 321 2391 quae
340 2305 381 2370 ad
399 2305 541 2372 Pontum
560 2309 593 2370 et
610 2305 760 2390 paludem
779 2304 975 2370 Maeoticam
994 2304 1167 2389 pertinent,
1184 2325 1251 2368 non
1273 2326 1409 2388 prorsus

239 2433 332 2499 nova,
354 2413 511 2494 inaudita,
528 2411 658 2497 Polybii
680 2411 783 2495 ipsius
805 2411 939 2496 propria
962 2433 1045 2494 esse3
1069 2409 1154 2495 quod
1178 2411 1248 2496 ipse
1266 2407 1406 2496 largitur

240 2520 279 2585 ad
303 2519 504 2586 Heraclitum
527 2539 707 2603 provocans
731 2514 794 2605 (IV
812 2519 865 2603 40,
880 2514 929 2603 3),
953 2521 985 2583 et
1010 2514 1188 2602 veterum²)
1218 2516 1409 2583 testimonia

240 2625 376 2690 afferens
399 2623 461 2713 (IV
480 2626 533 2709 40,
548 2621 591 2711 9).
637 2624 814 2709 Postquam
844 2627 952 2689 autem
974 2620 1128 2709 Reiske⁸)
1156 2623 1221 2687 iam
1246 2623 1409 2689 Democri·

239 2739 310 2796 tum
328 2732 431 2797 maria
450 2731 569 2796 sensim
588 2731 807 2817 paulatimque
826 2731 947 2815 expleri
966 2730 1113 2796 docuisse
1131 2730 1267 2813 monuit,
1286 2725 1410 2816 Scalad)

239 2836 425 2922 Polybium,
449 2859 658 2923 quaecunque
686 2837 738 2902 hic
766 2837 983 2921 exposuisset,
1010 2837 1119 2902 omnia
1148 2837 1187 2901 ad
1216 2837 1315 2901 verba
1343 2836 1410 2901 fere

240 2967 279 3010 ex
302 2943 455 3010 Stratone
478 2944 702 3028 Lampsaceno
727 2944 903 3028 sumpsisse
927 2943 1101 3009 contendit.

327 3049 500 3136 Polybium
534 3051 643 3136 aliquo
676 3050 773 3117 modo
806 3073 845 3116 ex
873 3047 1026 3115 Stratone
1054 3049 1191 3134 pendere
1219 3072 1315 3134 posse
1345 3073 1411 3117 non

240 3155 375 3245 nego⁵);
397 3162 442 3244 at
472 3158 604 3224 minime
637 3161 751 3223 auctor
784 3157 995 3242 gravissimus
1029 3155 1190 3222 Stratonis
1223 3157 1306 3223 libro
1343 3161 1412 3222 tam

243 3265 329 3329 mala
355 3265 481 3330 ratione
509 3266 629 3330 abusus
658 3268 720 3348 est,
747 3285 810 3348 qua
838 3261 932 3328 Scala
959 3263 1075 3341 voluit,
1099 3285 1169 3328 cum
1198 3264 1256 3327 illa
1284 3286 1411 3350 quoque

242 3371 340 3436 verba
363 3370 426 3459 (IV
445 3371 687 3456 39,11-40,3
721 3373 753 3434 et
783 3370 837 3454 42,
852 3367 901 3456 7),
934 3363 1050 3454 quibus
1083 3368 1240 3453 Polybius
1273 3370 1410 3436 lectores

332 3566 358 3633 1)
377 3563 467 3629 Quam
486 3563 656 3619 sententiam
675 3562 763 3619 etiam
782 3562 905 3617 Valeton
923 3560 952 3631 (l.
967 3560 986 3616 l.
1005 3578 1033 3631 p.
1050 3563 1110 3630 191)
1130 3562 1264 3618 defendit.

330 3656 358 3724 9)
375 3652 497 3707 Dindori
512 3652 634 3724 (Polybii
651 3651 772 3708 historia
784 3651 824 3706 IV
841 3651 929 3722 praef.
948 3668 976 3721 p.
991 3651 1074 3722 VIll),
1093 3650 1142 3720 qui
1162 3651 1258 3708 verba:
1277 3651 1411 3724 καθάπερ

241 3739 272 3797 oi
286 3741 403 3798 astarot
422 3749 604 3813 συμφωνοῦσι
619 3741 669 3812 (lV
682 3746 726 3812 40,
742 3744 777 3811 9),
797 3740 864 3810 quia
884 3756 899 3794 e
912 3739 1040 3808 margine
1058 3739 1089 3793 in
1102 3741 1212 3794 textum
1225 3741 1411 3812 irrepsissent,

242 3831 364 3887 delenda
382 3831 499 3901 censuit,
518 3829 589 3884 mihi
606 3847 663 3884 non
681 3829 831 3900 persuasit.

330 3921 357 3991 9)
375 3919 640 3996 Animaduersiones
673 3920 711 3973 ad
743 3919 865 3975 Graecos
898 3919 1040 3989 auctores,
1068 3917 1108 3972 IV
1125 3936 1152 3987 p.
1169 3924 1233 3987 3263
1266 3918 1300 3975 cf.
1325 3917 1412 3972 etiam

242 4008 501 4079 Schweighaeuseri
520 4009 584 4065 adn.
603 4009 641 4062 ad
658 4007 698 4063 IV
710 4014 753 4078 40,
768 4014 793 4065 4.

331 4100 359 4168 4)
379 4096 497 4153 Studien
511 4098 560 4152 des
570 4096 704 4168 Polybiou
718 4115 746 4167 p.
759 4102 810 4152 189
821 4114 881 4166 sqq.
902 4097 992 4162 Quam
1002 4097 1101 4152 Scalae
1117 4095 1287 4151 sententiam
1299 4095 1411 4150 disertis

241 4184 335 4240 verbis
350 4184 779 4256 comprobaveruntWendland,
790 4185 862 4240 Berl.
877 4185 974 4255 philol.
984 4185 1194 4254 Wochensohr.,
1209 4184 1234 4237 X
1248 4189 1314 4253 4333
1328 4183 1411 4237 Holz-

243 4272 327 4343 apfcl,
345 4273 425 4328 Neue
443 4272 513 4344 phil.
531 4274 704 4329 Rundschau
722 4274 762 4328 XI
775 4279 804 4342 83
823 4273 938 4343 Jacoby,
948 4273 1148 4329 Wochensohr.
1159 4273 1178 4329 f.
1187 4273 1226 4328 kl.
1237 4273 1287 4329 Ph.
1302 4272 1340 4324 IX
1351 4277 1409 4327 719.

332 4365 360 4433 5)
378 4362 544 4432 praesertim
559 4380 622 4418 cum
634 4362 712 4417 Diels
727 4361 926 4433 (Sitzungsber.
938 4362 963 4416 d.
974 4363 1046 4417 Berl.
1057 4363 1147 4419 Akad.
1162 4368 1228 4416 1893
1238 4379 1265 4430 p.
1277 4367 1326 4414 101
1339 4363 1410 4429 sqq.)

243 4449 330 4505 ctiam
349 4451 425 4521 apud
444 4451 593 4522 scriptores
612 4450 790 4506 mechanicos
809 4449 949 4505 Stratonis
967 4451 1091 4522 vestigia
1108 4450 1255 4506 invenerit.

1217 4540 1253 4593 2*
