3498 5202
722 331 1027 434 ,ἑω-

332 546 501 590 manorum
529 524 615 590 tanti
646 525 760 610 quanti
790 525 877 608 apud
909 523 1038 590 Livium
1069 523 1226 589 XXXVII
1245 525 1337 606 30‚2
1370 526 1503 612 legitur3

331 652 416 716 quae
434 631 486 695 vel
505 629 643 714 Polybio
661 631 712 695 vel
730 631 822 696 Livio
841 631 1003 715 imputare
1022 630 1150 716 malim3
1173 631 1406 697 alienissimum
1426 654 1503 698 vero

330 760 351 802 a
374 735 500 802 Zenone
530 737 593 803 hoc
622 739 717 822 puto,
748 736 833 822 quod
862 735 973 826 Livius
996 736 1154 802 XXXVII
1173 738 1261 816 30‚6
1290 739 1410 804 virtute
1438 739 1503 804 Ro-

330 864 500 908 manorum
523 845 595 909 sola
614 829 786 909 victoriam
809 846 1009 927 reportatam
1034 865 1104 908 esse
1127 843 1271 908 tradidit
1308 843 1398 920 Quae
1417 843 1503 910 Livii

323 950 462 1035 propria
484 973 555 1016 esse
578 955 731 1036 apparet,
754 949 873 1035 quibus
903 949 1033 1016 exordio
1056 953 1167 1015 utatur
1190 949 1230 1015 ad
1254 949 1381 1015 facinus
1404 951 1503 1035 quod·

330 1057 405 1121 dam
432 1057 515 1122 forte
544 1058 767 1123 Romanorum
795 1056 1025 1142 necopinatum
1054 1056 1281 1122 enarrandum:
1313 1078 1500 1142 quanquam
1623 1091 1628 1100 =

330 1163 417 1228 enim
444 1163 611 1230 Romanos
643 1164 776 1249 proeliis
808 1162 979 1228 navalibus
1012 1185 1079 1228 non
1107 1163 1157 1229 ita
1188 1163 1391 1247 praestitisse
1421 1163 1501 1229 satis

330 1273 445 1336 notum
468 1275 530 1354 est,
552 1271 606 1335 hio
633 1269 740 1336 media
766 1269 911 1335 hostium
939 1269 1007 1335 acie
1035 1273 1131 1355 rupta
1157 1273 1324 1335 momento
1346 1270 1501 1354 temporis

330 1377 424 1442 laevo
448 1397 547 1443 cornu
569 1377 715 1442 hostium
739 1377 781 1442 ab
803 1379 897 1463 tergo
921 1398 991 1443 sese
1015 1376 1202 1442 obiecerunt
1225 1373 1296 1462 (30,
1310 1373 1355 1463 6).

417 1483 549 1550 Rectius
581 1505 679 1568 quarn
712 1483 797 1568 apud
827 1483 955 1548 Livium
983 1504 1111 1549 causam
1139 1483 1235 1548 huius
1263 1486 1397 1548 eventus
1428 1483 1501 1548 miri

329 1591 506 1675 perspicies
530 1612 569 1655 ex
588 1590 739 1674 Appiano
757 1588 827 1678 (Sy.
844 1589 919 1676 27):
942 1591 1118 1656 certamine
1137 1590 1223 1655 enim
1242 1591 1336 1656 navis
1354 1589 1501 1655 Rhodiae

330 1717 403 1762 cum
433 1697 511 1764 navi
540 1695 673 1761 Sidonia
703 1697 864 1783 permulta
895 1695 1049 1781 Syrorum
1079 1697 1225 1781 navigia,
1256 1718 1338 1781 quae
1367 1697 1401 1762 in
1432 1699 1502 1762 scie

331 1802 438 1868 media
467 1804 638 1886 steterant,
656 1803 699 1878 iu
727 1824 827 1868 cornu
854 1804 980 1868 laevum
1007 1807 1132 1869 tractae
1161 1806 1251 1886 sunt3
1281 1804 1367 1868 unde
1395 1802 1508 1868 fructu

329 1913 483 1995 percepto
516 1908 657 1974 Romani
690 1911 759 1974 sine
792 1910 859 1975 ullo
891 1910 1004 1975 labore
1040 1933 1098 1994 per
1133 1910 1244 1975 hostes
1277 1912 1502 1994 perruperunt.

331 2015 421 2092 Quae
457 2037 530 2081 eum
567 2015 676 2080 emnia
708 2019 783 2101 apte
817 2016 1026 2102 conveniant,
1058 2017 1142 2082 hano
1174 2017 1430 2082 emendationem
1463 2037 1502 2081 ex

330 2119 482 2207 Appiano
505 2123 646 2207 recipere
665 2144 730 2188 non
750 2123 862 2188 dubito
869 2122 907 2210 ¹),
924 2124 1115 2208 praesertim
1135 2145 1207 2188 cum
1225 2121 1337 2188 Livius
1355 2142 1501 2209 pugnam

333 2227 469 2294 duarum
500 2229 632 2294 navium
661 2229 794 2295 illarum
826 2252 946 2296 conexu
983 2252 1056 2296 cum
1094 2229 1357 2314 praecedentibus
1390 2229 1500 2313 utique

332 2339 497 2401 carentem
523 2336 747 2420 descriptionis
770 2337 828 2401 fini
850 2337 1054 2403 incommode
1077 2336 1336 2422 adglutinaverit.

419 2441 531 2506 Lirius
558 2443 712 2508 nimirum
740 2444 867 2528 patriae
896 2465 1006 2509 amore
1037 2446 1205 2527 permotus
1235 2446 1298 2527 est,
1325 2445 1363 2506 ut
1390 2463 1500 2507 veram

332 2568 460 2633 pugnae
493 2549 727 2634 expositionem
760 2550 963 2634 depravaret,
995 2572 1068 2615 cunr
1101 2549 1271 2614 victoriam
1298 2548 1500 2615 Rhodiorum

332 2655 501 2740 praecipue
533 2655 650 2721 meritc
682 2659 885 2740 reportatam
917 2656 1090 2722 concedere
1121 2657 1239 2740 nollet'3
1275 2655 1395 2720 similia
1427 2677 1499 2720 eum

331 2759 459 2844 saepius
482 2760 598 2827 fecisse
616 2761 738 2827 Nissen
756 2759 802 2849 (p.
820 2760 969 2850 29-31)
993 2762 1201 2847 monstravit3
1224 2765 1259 2826 at
1276 2763 1362 2827 idem
1382 2761 1499 2827 Nissen

331 2864 376 2950 (p.
398 2864 491 2952 191),
520 2888 593 2932 curu
622 2867 764 2951 Appiani
794 2869 940 2935 narratio
971 2891 1116 2935 errorum
1148 2869 1247 2952 plena
1277 2871 1375 2950 esset,
1402 2869 1500 2934 verba

330 2969 426 3035 Livii.
444 2973 532 3036 omui
561 2995 600 3037 ex
630 2978 724 3059 parte
755 2997 845 3059 vera,
873 2976 1016 3060 Appiani
1045 2975 1126 3040 haec
1159 2997 1287 3060 quoque
1316 2974 1400 3039 falsa
1431 2994 1499 3038 esse

330 3076 494 3144 iudicavit.
545 3076 662 3144 (latera
697 3101 774 3146 vero
811 3082 892 3147 vitia
927 3081 1071 3166 Appiani
1108 3082 1216 3148 omnia
1253 3104 1292 3147 ex
1328 3101 1435 3146 errore
1468 3084 1500 3144 et

329 3185 538 3271 neglegentia
561 3186 708 3270 profecta
732 3191 821 3272 sunt3
845 3209 944 3273 quare
963 3185 1098 3253 Nisseni
1122 3192 1194 3253 erat
1217 3188 1364 3272 probare,
1384 3187 1499 3272 quibus

330 3292 435 3357 causis
467 3292 634 3378 Appianas
668 3293 824 3360 adductus
859 3297 958 3379 esset,
989 3297 1027 3359 ut
1063 3294 1312 3380 descriptionem
1350 3295 1499 3359 consulto

330 3399 530 3483 depravaret.

331 3612 471 3696 scriptor
494 3612 533 3676 de
557 3612 814 3696 expeditionibus
836 3613 871 3677 in
894 3612 1027 3699 Lyciam
1050 3614 1146 3679 factis
1169 3613 1390 3680 Romanorum
1414 3635 1498 3679 com·

331 3718 429 3782 moda
452 3717 580 3802 saepius
603 3719 778 3803 neglegens
798 3719 958 3785 disseruit.
994 3720 1146 3806 Exempli
1165 3721 1273 3806 gratia
1296 3721 1357 3785 hoc
1380 3719 1500 3784 dicam:

330 3827 503 3909 postquam
524 3822 688 3909 Epicratis
711 3825 841 3910 Rhodii,
866 3827 920 3911 qui
944 3832 982 3892 ut
1004 3827 1037 3891 in
1061 3826 1196 3911 Lyciam
1219 3826 1499 3913 proficiscerentur

331 3930 419 4016 socii,
438 3934 592 4015 suaserat,
611 3932 718 3998 oratic
737 3933 886 4016 exposita
906 3938 955 3998 est
973 3930 1145 4020 (XXXVII
1163 3935 1212 4018 15,
1228 3931 1340 4018 6-8),
1360 3932 1498 4016 scriptor

329 4037 437 4103 faeere
459 4059 525 4103 non
547 4041 667 4125 potest,
685 4039 764 4124 quin
783 4039 881 4104 addat
899 4038 967 4126 (15,
982 4036 1017 4126 9)
1036 4041 1122 4106 hanc
1141 4040 1336 4105 sententiam
1361 4038 1497 4104 maxime

330 4145 479 4211 movisse.
524 4146 569 4209 At
591 4168 626 4210 re
650 4168 726 4211 vera
748 4168 843 4211 nemo
870 4145 937 4211 fere
960 4146 1024 4212 uisi
1045 4146 1168 4212 Rhodii
1190 4147 1254 4232 ipsi
1281 4149 1390 4211 motus
1414 4149 1496 4231 erat3

328 4273 444 4336 nempe
470 4251 607 4318 oonsilio
631 4253 794 4318 contrario
818 4253 906 4318 facto
929 4253 1051 4339 placuit
1078 4258 1150 4320 tota
1173 4253 1278 4318 classe
1301 4253 1342 4318 ad
1365 4256 1496 4338 portum

420 4483 447 4552 1)
464 4481 540 4549 quod
559 4478 646 4535 etiam
665 4478 908 4551 Schneider-widh,
927 4500 954 4551 p.
971 4487 1031 4552 105,
1050 4480 1126 4538 fecit.

418 3505 531 3570 Patria
554 3507 695 3571 auctoris
719 3507 831 3572 deinde
855 3507 955 3572 etiam
979 3529 1017 3572 ex
1041 3507 1167 3572 ratione
1191 3508 1412 3593 cognoscitur,
1436 3529 1499 3591 qua
1631 3523 1638 3534 '
