3498 5202
730 364 950 430 -23-

252 529 406 594 versetur.
453 525 577 591 Tamen
605 525 718 593 statim
746 527 786 591 ab
814 526 909 592 initio
937 527 999 592 hoc
1027 547 1191 612 moneam,
1219 549 1259 593 no
1287 527 1423 594 nimium

252 633 410 700 momenti
438 633 564 718 demus,
592 655 631 698 ex
658 635 732 698 utra
759 636 852 718 parte
882 655 1009 719 quoque
1032 632 1103 699 loco
1133 638 1247 701 auctor
1271 637 1356 700 stare
1380 635 1424 700 vi-

253 741 379 825 deatur,
406 761 481 806 cum
509 761 547 804 ex
575 743 648 805 tota
674 739 771 805 huius
801 739 881 810 belli
911 739 1127 824 descriptione
1154 740 1325 826 Polybium
1354 746 1423 807 tam

252 847 388 913 Rhodiis
421 868 520 933 quam
552 845 721 931 Byzantiis
760 847 899 912 amicum
935 846 1034 912 fuisse
1068 851 1292 933 cognoscatur.
1338 848 1423 924 Quin

252 954 350 1018 etiam
368 953 509 1019 fortasse
527 952 593 1018 iam
607 951 735 1038 Polybii
760 953 946 1018 auctoribus
965 953 1017 1018 vel
1031 953 1168 1018 Rhodiis
1188 954 1239 1019 vel
1253 953 1422 1040 Byzantiis

251 1059 336 1125 idem
360 1060 489 1125 animus
513 1063 583 1124 erat
606 1059 713 1124 studio
738 1063 771 1125 et
793 1060 843 1125 ira
864 1081 999 1144 vacuus,
1022 1063 1060 1125 ut
1086 1061 1209 1126 bellum
1237 1060 1318 1126 illud
1342 1063 1422 1128 satis

252 1168 321 1232 leve
345 1166 446 1231 etiam
469 1165 572 1231 levius
595 1166 716 1251 fingere
740 1166 913 1232 studerent.
947 1164 1103 1232 Civitates
1123 1167 1210 1232 enim
1229 1168 1306 1232 illae
1326 1171 1423 1235 antea

252 1272 397 1339 amicitia
420 1273 505 1338 inter
529 1294 563 1337 10
587 1273 777 1339 coniunctae
797 1271 853 1360 (ct.
871 1273 965 1340 Diod.
978 1272 1057 1338 XVI
1077 1274 1128 1359 tl,
1143 1272 1179 1359 2)
1203 1276 1279 1357 post
1298 1274 1422 1339 bellum

251 1380 364 1444 statim
378 1380 412 1443 in
426 1380 567 1465 gratiam
581 1379 750 1446 redeuntes
766 1381 794 1445 si
807 1403 872 1446 non
887 1380 1077 1446 societatem
1093 1380 1293 1464 sollemnem,
1311 1384 1422 1446 tamen

250 1485 427 1552 amicitiam
449 1485 604 1570 inierunt3
629 1486 714 1571 quod
736 1485 811 1552 inde
830 1485 942 1572 colligi
964 1489 1082 1571 potest,
1103 1487 1178 1571 quia
1197 1487 1325 1570 saepius
1345 1508 1420 1552 con-

250 1593 385 1658 iunctim
418 1597 555 1679 egerunt
587 1591 641 1681 (of.
664 1592 733 1659 Pol.
753 1593 783 1658 V
803 1593 855 1678 63,
869 1593 904 1678 53
930 1593 1002 1678 100,
1017 1594 1051 1676 93
1073 1592 1129 1678 XI,
1146 1590 1198 1680 4),
1221 1592 1307 1658 bello
1341 1615 1420 1659 vero

251 1702 364 1764 eontra
385 1697 572 1786 Philippum
603 1699 744 1784 gerendo
774 1699 923 1785 Byzantii
949 1699 1152 1765 Rhodiorum
1181 1699 1261 1765 socii
1289 1698 1422 1765 fuerunt

251 1803 333 1893 (1³01.
356 1805 435 1871 1111
457 1807 488 1891 1,
503 1806 559 1892 10,
592 1806 631 1872 ef.
665 1807 764 1871 auam
797 1806 910 1872 111111
935 1805 1142 1893 z,4=uu.
1165 1805 1421 1894 11111111).
1524 1879 1527 1884 ,

250 1911 374 1977 Auctor
396 1912 511 1998 igitur,
534 1935 607 1978 cum
634 1912 742 1978 neutri
769 1913 857 1997 parti
880 1913 973 1979 unice
996 1935 1030 1978 se
1055 1913 1268 1999 adiunxisset,
1290 1913 1419 1998 integro

247 2018 375 2100 iudicio,
394 2019 555 2105 quomodo
580 2041 726 2106 quaeque
748 2018 836 2085 facta
859 2024 976 2104 essent,
1000 2021 1152 2085 narravit

337 2125 443 2201 Quare
461 2147 527 2191 non
545 2126 611 2191 iam
630 2126 810 2211 miraberis,
825 2127 910 2212 quod
930 2127 1059 2213 saepius
1080 2126 1211 2192 omnino
1231 2127 1320 2192 nulla
1340 2149 1420 2192 ansa

247 2232 432 2317 praebetur,
449 2232 535 2299 unde
552 2237 671 2299 natura
688 2233 829 2299 fontium
850 2234 1073 2318 investigetur,
1092 2237 1129 2299 ut
1146 2232 1195 2298 IV
1208 2233 1265 2318 483
1290 2235 1418 2319 saepius

248 2338 346 2404 etiam
369 2338 527 2424 Polybius
550 2341 620 2423 ipse
644 2340 804 2426 quaedam
827 2340 953 2406 addidit
976 2337 1038 2427 (IV
1052 2340 1105 2424 49,
1120 2340 1155 2426 53
1179 2339 1232 2420 50,
1246 2340 1280 2425 93
1305 2339 1357 2421 52,
1372 2338 1417 2427 8).

335 2444 374 2511 In
392 2445 470 2511 belli
489 2444 625 2533 ipsius1)
645 2447 860 2533 descriptione
880 2447 963 2512 fonti
982 2445 1141 2530 Byzantio
1159 2446 1240 2512 haec
1261 2447 1417 2512 attribuo:

246 2552 295 2619 IV
308 2553 361 2636 46,
376 2552 476 2638 5-63
494 2554 663 2640 49,1-4;
684 2553 852 2639 50,1-4;
871 2552 1058 2639 511-51,
1077 2556 1104 2618 1.
1136 2551 1282 2638 Scriptor
1294 2553 1416 2637 Byzan·

246 2659 312 2725 tios
344 2661 468 2745 laudat,
501 2660 587 2746 quod
618 2683 677 2747 pro
710 2660 833 2726 viribus
866 2661 929 2747 ipsi
960 2661 1056 2726 rebus
1085 2659 1151 2725 suis
1183 2661 1418 2746 prospexerint,

247 2787 367 2852 eosque
399 2789 419 2832 a
450 2767 615 2833 nonnullis
648 2767 833 2833 civitatibus
866 2767 994 2833 adiutos
1027 2788 1098 2832 0110
1131 2767 1246 2832 callide
1276 2769 1417 2834 occultat

246 2873 309 2958 (IV
322 2874 376 2960 46,
395 2871 442 2962 6).
479 2872 603 2940 Causae
622 2875 766 2941 minutae
790 2879 824 2939 et
845 2896 948 2958 paene
972 2874 1095 2959 inanes,
1114 2875 1229 2958 quibus
1249 2878 1416 2958 permotus

245 2979 379 3046 Prusias
402 3003 475 3046 cum
498 2981 635 3046 Rhodiis
658 2981 782 3066 fecerit,
805 2980 1027 3065 copiosissime
1052 2985 1256 3063 exponuntur
1283 2978 1345 3068 (IV
1363 2981 1418 3066 49,

248 3086 363 3173 1-4),
383 3092 496 3154 auctor
510 3087 656 3153 Rhodius
675 3091 762 3153 certe
780 3108 891 3172 regam
909 3109 975 3153 non
994 3088 1098 3153 solum
1116 3088 1166 3153 ira
1184 3085 1416 3172 Byzantiorum

245 3195 482 3260 inflammatum
504 3199 614 3280 partos
637 3194 841 3261 Rhodiorum
864 3195 987 3280 cepisse
1011 3193 1154 3278 dixisset,
1178 3194 1234 3258 sed
1257 3193 1355 3257 etiam
1380 3197 1416 3259 ut

246 3299 401 3386 Rhodios
422 3324 553 3368 causam
586 3301 731 3367 omnium
759 3305 975 3366 mercatorum
1003 3300 1209 3366 defendentes
1238 3301 1414 3365 adiuvaret.

247 3406 370 3472 Deinde
394 3405 458 3495 (IV
476 3409 530 3495 50,
546 3406 579 3495 1)
605 3413 718 3474 auctor
736 3407 915 3493 Byzantios
939 3407 1060 3472 bellum
1083 3405 1212 3472 fortiter
1236 3407 1415 3491 suscepisse

244 3514 417 3600 praedicat,
435 3537 509 3580 cum
527 3518 639 3581 tamen
656 3515 707 3580 illi
730 3537 771 3579 110
789 3537 889 3580 unum
910 3513 1040 3599 quidem
1059 3512 1184 3579 facinus
1204 3513 1415 3578 memorabile

244 3621 419 3706 gesserint,
452 3622 507 3687 sed
537 3645 555 3687 a
578 3622 693 3687 Prusia
722 3621 1004 3687 vehementissime
1031 3620 1136 3706 pressi
1164 3621 1240 3686 sint.
1284 3619 1415 3685 Diserte

244 3732 423 3814 enarratur,
447 3729 608 3814 quomodo
636 3729 817 3814 quibusque
840 3751 879 3792 ex
903 3728 1008 3793 causis
1032 3727 1156 3792 Hieron
1180 3727 1350 3793 castellum
1373 3726 1414 3791 ab

244 3833 290 3900 eis
315 3840 460 3921 emptum
485 3836 529 3901 sit
551 3832 613 3922 (IV
632 3836 685 3919 50,
699 3834 749 3922 3);
772 3833 938 3919 Byzantiis
966 3833 1032 3898 iam
1060 3838 1136 3914 ante
1164 3833 1284 3898 multos
1313 3854 1414 3897 annos

242 3940 278 4005 in
301 3938 409 4026 Mysia
431 3942 653 4028 possessiones
676 3941 778 4007 tuisse
802 3940 975 4027 diligenter
998 3940 1171 4026 exponitur
1193 3937 1256 4025 (IV
1274 3939 1327 4025 50,
1340 3937 1387 4026 4).

332 4047 429 4114 Fonti
452 4047 580 4114 Rhodio
605 4052 731 4134 contra,
754 4047 877 4113 Zenoni
901 4047 1036 4131 scilicet,
1060 4047 1141 4112 haec
1164 4046 1334 4111 debentur:
1366 4046 1414 4112 IV

242 4156 411 4240 47‚1-7;
439 4155 607 4241 50,5—-8;
636 4156 689 4239 50,
705 4155 894 4240 10—51‚6;
922 4154 1089 4238 unz—3.
1136 4153 1216 4230 Quis
1250 4153 1335 4218 enim
1363 4150 1413 4217 vir

242 4261 389 4327 Rhodius
408 4262 549 4348 patriam
572 4261 720 4328 laudibus
745 4260 1018 4346 splendidioribus
1047 4265 1104 4326 aut
1128 4258 1412 4345 magnificentiori-

333 4492 360 4561 1)
378 4489 420 4545 De
437 4506 516 4561 pace,
535 4490 575 4546 IV
589 4495 632 4560 52,
646 4497 725 4562 4-9,
744 4489 818 4545 infra
837 4506 920 4560 agam
939 4493 976 4560 (p.
992 4493 1046 4561 25).
