3498 5202
680 255 1013 380 ἱ-804

557 529 601 592 ,3.
637 538 686 592 De
708 550 824 606 pugna
845 537 891 592 ad
914 535 1036 592 Ohium
1060 535 1248 593 commissa.
1339 556 1341 562 ·

413 668 489 734 Non
513 669 593 735 satis
616 671 788 755 perspicua
806 670 932 735 ratione
951 667 1105 752 Polybius
1128 669 1162 733 in
1185 689 1295 752 pugna
1317 669 1357 734 ad
1376 667 1493 734 Chium
1544 733 1546 736 .

325 775 500 840 commissa
523 775 732 841 describenda
759 798 837 841 usus
865 775 946 839 mihi
973 775 1113 858 videtnr3
1144 778 1239 859 atque
1266 774 1330 840 hoc
1360 774 1499 858 potissi-⁴

325 903 414 946 mum
433 881 536 946 obiter
554 881 741 965 inspicienti
759 904 861 966 paene
880 882 1052 947 obscurum
1072 882 1141 965 erit,
1161 903 1224 966 quo
1245 881 1356 946 ordine
1373 881 1493 947 classes

324 988 503 1053 instructae
524 987 656 1053 fuerint.
751 1029 752 1034 κ

414 1092 463 1159 Ac
486 1095 626 1178 primum
645 1094 775 1179 quidem
793 1095 855 1161 hoc
875 1098 960 1160 certe
979 1098 1109 1160 constat
1127 1094 1276 1159 Attalum
1296 1097 1329 1160 et
1348 1093 1493 1161 Rhodios

326 1200 360 1264 in
384 1201 506 1286 euripo,
525 1201 580 1285 qui
602 1203 688 1266 inter
707 1199 824 1267 chium
850 1207 882 1267 et
906 1203 1125 1267 continentem
1150 1203 1208 1278 est,
1227 1223 1247 1264 a
1266 1201 1494 1284 septentrioni·

326 1306 386 1370 bus
410 1307 550 1390 stetisse,
575 1307 759 1392 Philippum
784 1311 893 1372 autem
917 1331 936 1372 a
958 1304 1134 1393 meridie1).
1179 1305 1269 1371 Haec
1292 1307 1389 1389 plane
1412 1306 1494 1370 dilu-

327 1412 397 1476 cida
421 1434 491 1478 esse
515 1435 580 1478 non
603 1435 700 1499 neg03
729 1415 832 1480 multo
857 1419 966 1479 autem
993 1415 1100 1478 minus
1128 1412 1216 1477 clara
1239 1434 1278 1477 ea
1301 1415 1389 1495 sunt,
1413 1434 1494 1497 quae

325 1515 481 1602 Polybius
505 1518 543 1583 de
567 1521 716 1586 cornibus
740 1522 891 1586 classium
912 1521 1073 1604 disseruit,
1093 1520 1178 1604 quod
1197 1519 1263 1583 iam
1282 1541 1321 1583 cx
1339 1519 1493 1603 exemplis

327 1628 553 1710 cognoscetur:
589 1625 668 1691 XVI
692 1615 727 1708 2,
744 1629 846 1693 2-41
882 1626 1052 1711 Philippus
1089 1627 1197 1691 subito
1234 1624 1399 1710 profectus
1437 1630 1509 1708 per'

327 1730 484 1816 euripum,
508 1732 562 1816 qui
586 1738 635 1798 est
657 1733 743 1798 inter
761 1731 878 1798 Chium
902 1737 935 1798 et
953 1732 1053 1798 Asiae
1076 1733 1304 1817 continentem,
1326 1731 1496 1816 navigavit

327 1835 475 1922 Samum3
493 1860 593 1903 cornu
607 1839 775 1904 sinistrum
790 1840 890 1925 igitur
910 1840 1072 1904 ab-latere
1086 1838 1232 1904 Asiatico
1254 1838 1352 1903 stetit.
1371 1835 1494 1903 Hostes

326 1963 436 2027 regern
454 1945 616 2028 persecuti
636 1949 719 2029 sunt,
737 1945 784 2010 ita
803 1949 840 2010 ut
857 1944 989 2011 Attalus
1006 1949 1091 2020 essct
1109 1946 1150 2011 ab
1169 1966 1270 2009 cornu
1287 1943 1403 2008 Asiam
1424 1961 1494 2008 ver·

327 2053 434 2134 gente,
457 2049 576 2116 Rhodii
601 2052 642 2116 ab
666 2052 768 2116 latere
793 2051 907 2117 Chium
932 2055 1112 2136 spectante:
1136 2051 1272 2116 Attalus
1296 2051 1397 2135 igitur
1419 2049 1494 2114 sini·

328 2159 442 2240 strum,
461 2155 580 2222 Rhodii
604 2158 752 2224 dextrum
771 2180 870 2224 cornu
888 2160 1051 2224 tenebant.
1081 2157 1199 2224 Nonne
1218 2157 1314 2240 plane
1334 2157 1495 2222 contraria

327 2259 482 2346 Polybius
508 2260 602 2349 (XVI
620 2267 650 2349 2,
666 2262 700 2352 7)
725 2265 853 2332 docott:
872 2263 1031 2342 ’Ἄτταλος
1050 2262 1110 2348 μὲν
1128 2272 1173 2352 τῷ
1193 2261 1290 2350 δεξιῷ
1312 2259 1367 2329 καὶ
1390 2269 1495 2346 καθη-

326 2365 479 2456 χονμένῳ
509 2381 577 2436 τῶν
603 2373 786 2455 πολεμίων,
811 2373 1028 2456 Θεοφιλίσκος
1061 2367 1097 2435 δὲ
1129 2381 1199 2447 τοῖς
1229 2369 1426 2454 εὐωνύμοις·
1464 2369 1499 2433 ol

326 2473 481 2559 πολέμιοι
502 2477 604 2562 igitur
623 2477 757 2542 Attalus
778 2487 834 2542 aut
853 2476 973 2542 Rhodii
995 2477 1086 2542 nulla
1109 2477 1235 2542 ratione
1255 2497 1324 2541 esse
1345 2479 1495 2559 possunt3

326 2603 430 2665 neque
449 2581 640 2648 Macedones
660 2606 698 2648 ea
716 2584 793 2669 acie,
813 2607 877 2669 qua
896 2584 1001 2650 adhuc
1018 2584 1170 2648 instructi
1190 2582 1301 2647 eadem
1319 2583 1374 2648 via
1398 2585 1496 2666 atque

326 2687 438 2754 hostes
461 2691 670 2782 navigabant.
707 2690 817 2756 Verba
840 2691 898 2756 illa
921 2694 999 2756 tuno
1018 2691 1147 2775 demum
1167 2688 1398 2754 Macedonibus
1419 2691 1496 2771 apta

328 2798 414 2880 sunt,
436 2799 609 2879 postquam
633 2819 732 2861 naves
757 2800 992 2879 converterunt,
1017 2796 1103 2881 quod
1126 2798 1391 2881 postea'tantum
1413 2794 1496 2860 fece·

327 2904 404 2965 runt
426 2898 520 2988 (XVI
538 2903 570 2987 2,
584 2899 628 2988 8).
673 2903 797 2967 Eadem
826 2902 1039 2986 ambiguitate
1068 2902 1208 2987 scriptor
1236 2901 1339 2966 utitur
1367 2901 1401 2964 in
1425 2900 1496 2984 ipsa

327 3007 460 3071 navium
483 3009 693 3074 conversione
714 3008 876 3074 narranda
894 3006 988 3093 (XVI
1007 3009 1037 3092 2,
1052 3005 1101 3086 8);
1128 3011 1342 3085 Φίλιππος-
1356 3007 1436 3082 δοὺς
1458 3007 1496 3070 τὸ

329 3113 486 3199 σύνθημα
517 3124 587 3192 τοῖς
619 3112 672 3180 ἐπὶ
703 3124 764 3180 τοῦ
796 3113 916 3192 δεξιοῦ.
963 3114 1057 3191 Quod
1090 3136 1203 3201 cornu,
1235 3115 1310 3200 quia
1343 3114 1495 3179 adversus

328 3221 476 3286 Attalum
501 3219 612 3307 erat2),
636 3221 741 3314 adhuc
760 3221 889 3307 quidem
908 3222 1075 3307 utriusque
1100 3221 1214 3286 classis
1238 3221 1407 3285 sinistrum
1426 3223 1497 3285 erat

328 3330 425 3412 atque
462 3329 672 3393 conversione
708 3329 838 3392 navium
875 3327 1004 3394 demum
1038 3328 1183 3412 perfecta
1215 3349 1314 3393 cornu
1348 3326 1497 3392 dextrum

328 3434 540 3500 Macedonum
564 3434 687 3500 factum
712 3437 771 3499 est.

418 3538 635 3606 Conversicne
655 3544 763 3605 autem
783 3541 817 3604 in
836 3545 971 3625 utroque
996 3562 1095 3607 cornu
1113 3541 1327 3607 Macedonum
1350 3539 1497 3605 confecta

329 3644 422 3731 (XVI
441 3647 471 3730 2,
486 3643 531 3733 8),
551 3647 690 3730 scriptor
708 3648 795 3713 iusta
813 3669 968 3713 cornuum
987 3649 1121 3713 nomina
1140 3648 1315 3731 usurpavit.
1338 3645 1416 3711 XVI
1432 3645 1496 3732 5,8

419 3807 445 3872 1)
463 3802 560 3858 videas
579 3803 644 3858 XVI
659 3811 684 3874 2,
698 3811 727 3860 4:
746 3803 894 3874 Philippus
913 3803 1027 3858 Samum
1045 3821 1141 3860 versus
1159 3803 1284 3874 navigat.
1310 3809 1334 3872 2,
1350 3807 1378 3856 8:
1400 3803 1497 3856 Φίλιπ-

328 3909 381 3954 πος
400 3923 433 3932 -
452 3892 508 3947 ὑπὸ
526 3892 576 3955 τὰς
593 3894 711 3962 νησίὸας
733 3893 917 3964 ἀναχωρήσας
936 3925 968 3934 -
987 3893 1037 3956 τὰς
1055 3893 1158 3963 μεταξὺ
1177 3900 1227 3947 τοῦ
1245 3889 1335 3962 πόρον
1354 3889 1496 3962 auspicum

329 3996 378 4036 eas
398 3979 506 4035 insulas
524 3980 731 4053 intellegendas
751 3998 812 4037 1111
830 3997 905 4051 11ο1,
925 3998 997 4050 quae
1017 3983 1082 4035 sunt
1100 3980 1174 4036 inter
1191 3980 1354 4050 Argennum
1372 3981 1402 4034 et
1418 3979 1498 4034 Posi-

329 4067 407 4122 dium
434 4069 629 4138 promunturia
656 4073 692 4142 (v.
711 4070 840 4141 Kiepert,
867 4069 949 4125 Atlas
968 4086 1023 4125 von
1040 4069 1151 4140 Hellas,
1179 4068 1238 4125 tab.
1252 4069 1310 4139 IX).
1347 4068 1413 4123 XVI
1427 4075 1452 4138 6,
1468 4072 1496 4122 5:

328 4158 443 4213 Attalus
456 4157 593 4228 Erythras
613 4157 720 4228 effugit.
748 4159 812 4214 XVI
826 4164 851 4228 6,
867 4164 913 4212 13:
932 4157 1036 4212 Rhodii
1054 4159 1091 4212 ad
1110 4157 1210 4214 Chium
1230 4158 1338 4227 (urbem
1355 4157 1498 4225 nimirum)

330 4246 447 4302 classem
457 4246 639 4302 constituunt.
653 4246 718 4300 XVI
726 4252 751 4314 8,
758 4253 786 4300 2:
796 4247 944 4316 Philippus
955 4248 1031 4316 apud
1039 4233 1203 4316 Argennum
1211 4245 1436 4316 promunturium
1447 4247 1497 4300 est.

418 4337 445 4407 2)
464 4336 528 4390 XVI
542 4342 567 4406 3,
584 4341 612 4392 1:
641 4334 779 4409 λαβούσης
802 4332 832 4390 δὲ
851 4334 903 4404 τὴν
921 4335 1066 4407 καταρχὴν
1085 4343 1133 4406 τῆς
1151 4336 1312 4406 ναυμαχίας
1330 4329 1361 4389 ἐκ
1379 4339 1429 4404 τῆς
1444 4331 1498 4389 Ἀτ-

328 4424 414 4482 zaroc
432 4426 509 4490 νεώς.
