3498 5202
728 357 729 362 '
836 373 1050 438 -ze-

358 539 446 600 terra
464 538 593 621 gestum
612 533 829 619 pertinebant,
848 556 928 619 ques
946 532 1104 619 Polybius
1124 536 1182 599 aut
1200 534 1268 598 iam
1287 531 1424 620 Zenonis
1443 533 1528 600 libro

357 642 497 709 insertas
520 642 658 729 invenit,
681 646 738 707 aut
765 663 837 708 cum
860 639 1009 727 Byzantii
1032 644 1130 726 esset,
1159 663 1199 705 ex
1222 639 1302 705 viris
1334 639 1529 725 quibusdam

358 750 528 835 quaesivit

350 925 354 934 ,
446 854 478 943 c)
503 855 639 921 Tabulis
661 857 752 942 pacis
775 856 863 923 inter
880 855 1031 921 Prusiam
1054 858 1088 920 et
1105 853 1282 940 Byzantios
1304 853 1426 940 factam
1448 876 1528 941 quus

358 964 498 1049 scriptor
520 962 660 1030 fortasse
683 961 835 1050 Byzantii
857 963 893 1028 in
916 962 1037 1048 oppido
1060 963 1130 1048 ipse
1153 961 1244 1048 legit.

447 1070 535 1147 Quas
568 1070 713 1157 singulas
745 1074 857 1156 partes
889 1069 1046 1155 Polybius
1080 1069 1279 1154 compositas
1312 1067 1379 1134 suis
1407 1068 1528 1134 addita-

358 1177 475 1242 mentis
499 1177 662 1243 instruxit.
702 1176 873 1264 Nusquam
896 1198 973 1243 vero
997 1177 1174 1262 quidquam
1198 1175 1423 1260 animadverti,
1446 1176 1528 1241 unde

358 1288 525 1351 auctorem
562 1308 600 1351 ex
636 1287 795 1369 prytaneo
833 1282 1035 1349 Rhodiorum
1073 1282 1221 1347 hausisse
1257 1282 1369 1368 colligi
1410 1286 1529 1366 posset.

357 1389 471 1477 Neque
499 1391 603 1456 ullum
631 1394 796 1457 auctorem
819 1390 953 1456 Prusiae
979 1389 1187 1474 potissimum
1215 1387 1409 1454 benevolum
1430 1386 1528 1473 Poly-

356 1499 430 1564 bius
454 1501 582 1564 secutus
611 1502 674 1582 est,
702 1519 774 1563 cum
797 1519 839 1562 ne
868 1497 902 1562 in
930 1496 992 1562 hac
1016 1495 1145 1582 quidem
1168 1518 1202 1560 re
1230 1494 1419 1579 offenderet,
1442 1495 1528 1581 quod

357 1626 415 1670 rex
451 1606 575 1690 victor,
611 1603 765 1690 quidquid
798 1603 966 1689 Byzantiis
1002 1602 1088 1669 bello
1127 1602 1326 1687 abstulerat,
1357 1601 1528 1668 restituere

264 1707 269 1720 ⁸
358 1717 489 1779 coactus
512 1715 570 1777 est

450 1819 595 1885 Tantum
614 1821 722 1884 autem
742 1819 844 1903 abest,
866 1821 903 1883 ut
920 1818 1075 1904 Polybius
1093 1839 1180 1883 nunc
1199 1817 1327 1908 demum
1347 1817 1386 1882 ad
1405 1815 1527 1882 bellum

358 1925 477 1992 sociale
518 1925 788 1992 conscribendum
824 1924 949 2009 redeat,
985 1929 1022 1990 ut
1058 1925 1098 1990 ad
1135 1945 1253 1990 novam
1291 1923 1524 2010 digressionem

357 2037 504 2099 transeat
520 2030 582 2119 (IV
593 2033 645 2117 52,
656 2029 712 2120 10)
724 2031 899 2097 simillimis
913 2053 990 2097 usus
1006 2031 1111 2097 verbis
1127 2034 1222 2116 atque
1237 2052 1335 2115 supra
1349 2026 1411 2116 (IV
1420 2029 1472 2114 37,
1482 2025 1526 2116 8).

358 2139 472 2226 Neque
495 2143 608 2204 tamen
630 2138 716 2204 hunc
740 2140 878 2204 alterum
897 2160 1066 2204 excursum
1090 2137 1129 2203 de
1148 2135 1265 2203 Oratae
1283 2136 1408 2203 insulae
1430 2136 1526 2202 rebus

358 2245 419 2332 (IV
434 2243 581 2335 53-55)
600 2245 740 2312 vinculis
763 2267 881 2328 carere,
900 2245 1017 2330 quibus
1041 2267 1112 2310 cum
1137 2245 1246 2329 priore
1266 2243 1455 2309 coniunctus
1475 2243 1528 2329 sit,

358 2351 497 2419 efficitur
526 2375 564 2418 ex
593 2356 661 2418 eius
689 2352 820 2418 exordio
853 2349 915 2439 (IV
934 2350 1117 2439 53,1-2):
1150 2351 1236 2416 bello
1265 2350 1424 2435 Byzantio
1453 2372 1525 2416 con·

356 2460 443 2527 fecto
475 2460 578 2544 legati
610 2457 802 2525 Gnosiorum
836 2459 876 2524 ab
909 2458 1044 2524 Rhodiis
1077 2458 1275 2544 petiverunt,
1306 2461 1344 2523 ut
1377 2457 1440 2523 sibi
1472 2478 1527 2523 sex

359 2589 457 2632 naves
481 2566 626 2632 subsidio
651 2566 828 2632 mitterent.
865 2564 989 2640 Quibus
1011 2565 1118 2632 verbis
1142 2564 1183 2630 ad
1206 2564 1357 2630 Rhodum
1381 2567 1526 2648 spectan-

359 2673 447 2739 tibus
472 2673 583 2738 eadem
607 2678 724 2739 natura
747 2677 805 2758 est,
824 2694 905 2757 quae
925 2672 1024 2737 etiam
1049 2671 1269 2757 superioribus
1293 2674 1376 2736 erat:
1395 2671 1526 2736 navium

358 2802 511 2845 numerus
527 2783 561 2845 et
574 2800 704 2865 genera,
718 2780 817 2845 etiam
832 2779 989 2864 praefecti
1006 2801 1134 2863 nomen,
1152 2778 1324 2864 diligenter
1341 2776 1526 2858 traduntur3

360 2886 479 2952 occisio
500 2890 609 2953 autem
629 2885 793 2951 Timarchi
805 2885 1034 2951 Eleuthernaei
1053 2883 1115 2973 (IV
1130 2885 1183 2968 53,
1197 2883 1233 2971 2)
1252 2883 1414 2949 levissime
1431 2883 1525 2949 modo

357 2992 517 3079 tangitur,
539 2996 577 3059 ut
607 2996 716 3059 utrum
746 2992 815 3057 iure
846 3014 889 3057 an
917 2991 1035 3057 iniuria
1057 2991 1179 3058 Rhodii
1206 3013 1280 3057 eum
1307 2989 1527 3057 interfecerint

358 3119 425 3164 non
444 3103 613 3184 appareat3
633 3103 667 3164 at
685 3099 734 3164 illi
752 3097 822 3165 viro
841 3099 906 3164 vim
928 3097 1099 3164 thodiis
1118 3098 1248 3165 illatam
1267 3118 1337 3164 esse
1355 3100 1528 3183 propterea

357 3227 440 3290 reor,
461 3206 547 3291 quod
571 3206 641 3272 eius
664 3206 837 3291 populares
856 3205 917 3271 hac
935 3227 1013 3271 nece
1033 3204 1072 3271 ad
1092 3205 1214 3270 bellum
1232 3203 1370 3270 Rhodiis
1390 3202 1524 3269 inferen-

358 3312 434 3378 dum
459 3312 586 3378 adducti
610 3318 700 3398 sunt;
730 3313 814 3399 quod
844 3312 931 3378 cives
958 3312 1048 3378 illius
1077 3311 1187 3396 oppidi
1216 3311 1324 3397 exigui
1347 3310 1417 3376 sins
1439 3310 1526 3375 iusta

358 3441 455 3484 causa
491 3419 636 3486 facturos
672 3420 774 3486 luisse
815 3419 1003 3504 negaverim
1040 3417 1154 3483 Rhodo
1196 3417 1313 3502 opibus
1354 3416 1525 3482 maritimis

357 3524 504 3591 florente.
540 3525 687 3612 Denique
707 3527 780 3612 ipsa
798 3525 962 3591 mentione
986 3523 1075 3590 illius
1099 3522 1226 3589 discidii
1249 3526 1362 3590 auctor
1379 3522 1525 3589 Rhodius

358 3630 573 3716 significatur:
604 3637 727 3698 ceteras
752 3632 839 3697 enim
862 3631 946 3696 rixas
970 3628 1172 3696 Cretensium
1196 3629 1451 3697 innumerabiles
1474 3628 1526 3696 vel

357 3759 545 3803 enumerare
567 3737 706 3823 Polybio
730 3739 863 3824 longum
886 3738 957 3803 fuit.
1538 3817 1542 3824 ¹

446 3841 564 3909 Verbis
595 3846 698 3930 igitur
729 3846 781 3910 bis
813 3843 875 3931 (IV
894 3842 1063 3931 53,1-z)
1092 3868 1130 3910 ex
1152 3844 1280 3911 Zenone
1310 3844 1450 3928 sumptis
1475 3843 1526 3908 de-

358 3949 493 4034 scriptio
530 3951 608 4015 belli
640 3950 871 4037 Byzantiorum
908 3951 987 4016 item
1019 3950 1182 4017 Zenonica
1214 3951 1421 4037 coniungitur
1452 3973 1525 4016 cum

358 4056 558 4142 digressione
582 4080 663 4142 quae
687 4062 738 4123 ast
760 4058 799 4122 de
823 4055 1024 4123 Cretensium
1048 4059 1154 4124 rebus.
1201 4059 1290 4136 Quae
1317 4062 1426 4123 utrum
1453 4057 1526 4142 ipsa

357 4185 485 4249 quoque
508 4185 547 4228 ex
569 4163 697 4230 Zenone
721 4164 880 4250 originem
904 4165 1000 4230 ducat
1027 4187 1140 4248 necne,
1167 4166 1233 4231 iam
1256 4164 1431 4231 videamus.
1476 4163 1525 4228 Ac

357 4271 501 4355 primum
523 4271 652 4355 quidem
670 4270 814 4337 Valeton
836 4268 871 4358 (l.
891 4272 912 4336 l.
935 4295 965 4356 p.
981 4269 1061 4360 204)
1087 4271 1255 4356 Polybium
1279 4271 1419 4356 plurima
1442 4291 1525 4356 quae

358 4375 396 4441 de
416 4373 530 4442 (iratae
549 4376 675 4443 insulae
693 4378 788 4444 rebus
806 4383 981 4464 narrasset,
1000 4379 1121 4446 Zenoni
1140 4379 1255 4445 debere
1275 4378 1388 4445 voluit.
1416 4375 1524 4463 Atque

358 4483 420 4550 hoo
443 4485 529 4550 certe
552 4485 692 4552 concedo
716 4485 878 4553 Zenonem
903 4486 941 4551 de
964 4484 1080 4553 (iratae
1110 4487 1205 4552 rebus
1228 4487 1334 4572 egisse
1363 4485 1430 4553 veri
1454 4506 1525 4551 esse
