3498 5202
705 349 924 430 ..4,-

319 526 464 594 Rhodios
487 547 564 592 vero
589 526 669 591 mira
692 525 831 610 quadam
859 525 985 592 ratione
1014 525 1181 614 neglectos
1209 549 1280 594 esse
1307 528 1401 594 intel-

230 636 334 721 leges:
358 655 544 719 quanqnam
568 655 639 699 cunr
664 633 777 699 Attalo
801 633 948 699 Athenas
971 638 1138 719 venerunt,
1160 637 1270 700 tamen
1292 636 1400 720 priore

231 743 284 807 die
305 742 403 826 plano
427 740 631 822 omittuntur,
650 740 785 805 alterius
809 741 869 805 sub
894 739 991 805 finem
1010 740 1142 805 tandem
1161 742 1274 824 paucis
1294 741 1402 807 verbis

230 849 325 933 quasi
348 847 455 914 obiter
477 849 657 931 tanguntur
681 843 764 932 (Pol.
777 845 856 912 XVI
875 847 928 930 26,
943 845 1078 931 8-10).
1110 846 1219 913 Antea
1241 849 1275 913 in
1295 848 1399 914 solnm

230 953 379 1020 Attalum
399 953 510 1018 leudes
530 957 563 1019 et
581 953 728 1037 praemia
747 957 974 1039 congeruntur,
993 957 1149 1037 utusque
1169 953 1208 1020 ad
1223 954 1302 1020 XVI
1317 956 1399 1040 26st

230 1081 342 1146 regern
365 1061 434 1125 sine
457 1059 594 1125 Rhodiis
618 1059 765 1125 Athenas
790 1058 916 1124 venisse
939 1060 1120 1144 putandum
1144 1061 1194 1126 sit.
1235 1060 1400 1126 thremis

231 1164 364 1240 tandem
382 1165 491 1231 verbis
511 1162 603 1253 (XVI
620 1167 673 1246 26,
688 1163 812 1253 8-10)
830 1165 953 1231 Rhodii
971 1166 1160 1232 brevissime
1180 1168 1402 1251 absolvuntur,

232 1294 306 1340 curn
329 1293 384 1338 cos
408 1294 539 1357 prorsus
562 1273 823 1357 praetermittere
846 1294 914 1337 non
931 1273 1043 1358 liceat3
1066 1294 1142 1338 nam
1162 1273 1292 1340 illorum
1311 1295 1403 1359 pree·

232 1381 325 1463 cipue
349 1399 448 1464 opere
471 1379 620 1445 effectum
644 1401 713 1444 esso
736 1379 873 1465 videtur,
896 1383 933 1444 ut
951 1378 1168 1446 Athenienses
1187 1401 1221 1445 se
1245 1381 1281 1444 in
1299 1382 1402 1447 socio-

232 1508 304 1551 rum
327 1485 506 1551 amicitiem
530 1489 562 1550 ct
585 1485 680 1551 fidem
705 1485 897 1552 conferrent.
933 1484 1005 1552 Hoc
1028 1485 1131 1571 igItur
1155 1490 1282 1552 constet
1302 1489 1401 1552 maxi-

233 1615 320 1658 mam
353 1591 449 1657 huius
480 1591 677 1658 narrationis
709 1595 835 1676 partem
868 1590 962 1679 (XVI
981 1591 1034 1676 25,
1050 1592 1168 1679 1-26,
1183 1592 1218 1679 7)
1255 1615 1275 1658 a
1311 1592 1401 1660 fonte

234 1699 375 1764 alienam
399 1719 469 1763 cese
493 1697 633 1781 Rhodi03
657 1698 768 1782 itaque
786 1697 958 1765 Veletonis
982 1698 1143 1764 sententie
1166 1698 1324 1784 displicet,
1348 1701 1403 1785 qui

233 1808 339 1870 totum
349 1808 447 1888 caput
456 1803 537 1870 XVI
546 1806 589 1871 26
604 1826 643 1870 ax
657 1804 813 1871 relatione
828 1806 1011 1890 legatorum
1021 1804 1222 1872 Rhodiorum
1237 1811 1401 1891 sumptum

234 1931 304 1976 osse
328 1911 411 1976 dixit
429 1909 472 1995 (p.
487 1910 580 1996 213).
613 1911 666 1976 An
684 1913 762 1977 teeti
780 1911 907 1977 cuidam
927 1911 1118 1978 Atheniensi
1137 1913 1308 1978 tribuenda
1328 1918 1403 1979 sunt

235 2016 314 2082 illa?
359 2015 450 2082 Finis
475 2021 582 2084 autem
606 2015 912 2105 (XV126,8—10)
941 2022 974 2084 et
1001 2018 1143 2084 eiusdem
1167 2020 1308 2085 auctoris
1333 2042 1403 2085 esse

234 2127 343 2209 potest
366 2126 463 2208 atquo
486 2126 607 2209 priora,
627 2128 752 2191 etcum
771 2124 926 2190 facillime
946 2146 965 2189 e
984 2125 1100 2190 catoris
1124 2127 1269 2211 separari
1289 2127 1404 2213 possit,

235 2229 377 2296 alterius.

322 2335 435 2402 Etiam
463 2337 553 2403 brevi
580 2341 657 2422 post
681 2336 773 2423 (XVI
792 2338 846 2424 27,
859 2338 894 2420 2)
918 2336 1072 2422 Polybius
1100 2336 1246 2421 Rhodios
1275 2339 1403 2405 silentio

237 2444 415 2532 praeteriit,
433 2444 495 2509 etsi
519 2445 565 2509 eis
584 2442 754 2529 Philippus
778 2445 806 2508 si
829 2466 896 2509 non
918 2444 1022 2509 maius
1047 2446 1082 2509 at
1100 2447 1186 2510 certe
1208 2467 1272 2512 non
1296 2445 1404 2511 minus

235 2551 464 2617 detrimontum·
487 2551 644 2617 intulerat
667 2572 763 2635 quam
788 2550 911 2616 Attalo.
957 2550 1028 2616 Hoc
1056 2554 1164 2615 autem
1195 2551 1266 2617 loco
1294 2552 1405 2637 negle-

236 2655 348 2743 gentia
376 2657 574 2742 excerptoris
604 2661 680 2743 post
693 2655 855 2722 ’Ἄτταλον
885 2657 1039 2722 excidisse
1068 2678 1142 2722 reor
1171 2655 1226 2721 καὶ
1244 2651 1404 2742 Ῥοδίους,

237 2763 364 2829 collatis
394 2763 484 2829 hisce
512 2764 592 2830 locis
615 2763 684 2829 Pol.
702 2763 781 2830 XVI
800 2762 853 2848 34,
867 2764 902 2828 3:
933 2761 1156 2840 εἰς”Ατταλον
1182 2760 1238 2829 καὶ
1256 2759 1406 2841 Ῥοδίους

237 2873 271 2935 et
294 2868 377 2954 App.
396 2869 459 2935 Ma.
477 2871 513 2936 4:
537 2870 570 2948 ἐς
595 2871 737 2947 Ροδίους
760 2869 780 2955 ἢ
800 2862 1001 2954 Ἀθηναίους
1023 2869 1227 2954 ἢἍτταλον.

324 2974 437 3060 Neque
456 2999 529 3042 cunr
543 2976 653 3062 Abydi
673 2978 947 3063 expugnationem
966 2980 1131 3059 tractaret,
1146 2975 1299 3061 Polybius
1314 2975 1406 3060 (XVI

236 3083 383 3168 29-343
408 3082 479 3174 biv.
498 3082 608 3148 XXXI
629 3080 773 3169 17-18)
802 3083 941 3149 Zenonis
969 3084 1089 3149 librum
1116 3082 1297 3167 inspexisse
1325 3080 1406 3146 mihi

237 3191 373 3255 videtur.
417 3189 619 3256 Rhodiorum
644 3190 745 3275 enim,
768 3191 824 3275 qui
848 3191 933 3255 inter
955 3190 1066 3274 oppidi
1090 3189 1275 3254 defensores
1303 3191 1406 3273 erant,

237 3296 404 3362 rarissime
432 3301 465 3361 et
492 3295 683 3361 brevissime
708 3295 793 3382 (Pol.
811 3294 892 3362 XVI
910 3295 998 3380 31‚3
1032 3299 1064 3359 et
1087 3294 1156 3359 Liv.
1175 3293 1286 3360 XXXI
1306 3295 1357 3376 ll,
1371 3295 1405 3378 33

240 3402 291 3488 17,
306 3399 341 3489 6)
365 3403 488 3468 mentio
510 3403 563 3489 fit3
586 3424 637 3468 res
660 3403 701 3468 ab
725 3403 772 3467 eis
796 3406 907 3488 gestae
930 3403 1076 3467 silentur.

326 3508 396 3575 Pol.
415 3508 494 3575 XVI
513 3509 557 3576 35
579 3508 774 3575 Valetonem
798 3506 843 3595 (p.
862 3506 943 3596 211)
974 3512 1104 3574 secutus
1126 3508 1248 3574 tabulis
1270 3507 1406 3593 publicis

236 3615 445 3682 Achaeorum
468 3617 622 3683 attribuo.

516 3901 545 3966 7.
580 3910 629 3967 De
652 3909 745 3968 bello
767 3908 985 3967 Macedonico
1008 3907 1128 3968 altero.

328 4040 417 4108 Haec
454 4042 624 4108 diversitas
661 4043 928 4108 manifestissima
965 4040 1248 4106 animadvertitur:
1285 4043 1408 4106 aestate
1483 4099 1487 4108 .

240 4149 318 4214 anni
340 4147 403 4216 201
429 4147 549 4214 Rhodii
572 4149 641 4215 sino
666 4149 763 4227 dubio
791 4150 914 4234 primas
942 4151 1051 4232 partes
1083 4149 1235 4231 egerunt3
1262 4147 1336 4211 inde
1367 4147 1407 4210 ab

240 4255 346 4321 hieme
368 4257 517 4349 proxima
541 4254 692 4323 201l200
714 4277 817 4340 paene
840 4257 1038 4321 evanescunt
1060 4274 1166 4337 nequo
1190 4257 1264 4318 ante
1287 4273 1408 4317 annum

242 4363 307 4428 190
329 4363 362 4427 in
386 4366 593 4447 conspectum
616 4362 785 4429 clariorem
807 4360 951 4426 redeunt.

329 4468 561 4554 Romanorum,
585 4469 640 4553 qui
664 4490 749 4535 anno
773 4468 838 4534 200
862 4468 903 4532 ad
925 4466 1048 4534 bellum
1072 4468 1293 4550 accesserunt,
1315 4464 1408 4529 annis
