3498 5202
775 354 993 417 ..71„.

301 511 507 601 credideris¹)
531 513 703 598 Polybium
731 513 816 579 hanc
845 513 1025 606 orationem
1048 513 1281 580 commentario
1308 515 1348 580 ab
1372 510 1469 601 Asty·

294 621 385 686 mede
410 621 483 705 ipso
507 620 631 704 publici
659 619 738 685 iuris
767 620 854 685 facto
879 618 961 703 (Pol.
979 619 1073 685 XXX
1091 620 1122 704 4,
1140 617 1195 708 11)
1225 620 1354 706 debere3
1383 622 1468 705 quod

293 728 413 793 fulsum
438 748 508 792 esse
531 726 603 793 ideo
627 729 716 812 puto,
734 727 810 811 quia
828 724 1035 811 Astymedes,
1054 727 1082 792 si
1105 727 1200 793 modo
1220 727 1347 813 Polybii
1366 728 1465 794 verba

293 838 378 899 recte
402 834 609 919 interpretor,
632 835 773 919 priorem
798 833 978 900 orationem
1003 834 1106 900 solam
1130 835 1286 919 scriptam
1310 834 1419 902 edidit.

387 938 500 1024 Neque
523 937 751 1027 Valetonem²)
781 940 914 1024 propius
946 939 987 1004 ad
1016 940 1187 1005 veritatem
1216 941 1389 1006 accessisse
1419 964 1468 1007 ar-

297 1047 400 1113 bitror
424 1047 642 1132 suspicantem
664 1047 843 1112 orationem
862 1069 882 1111 c
900 1045 1036 1131 Polybio
1055 1047 1128 1130 ipso
1148 1047 1363 1133 compositam
1382 1069 1467 1133 esse3

230 1175 233 1181 ·
295 1153 346 1218 vir
383 1153 497 1219 doctus
535 1154 619 1218 enim
657 1154 831 1237 praecipue
868 1152 1036 1218 commoda
1076 1153 1291 1219 democratiae
1328 1153 1467 1238 Polybio

294 1265 425 1327 auctore
459 1282 529 1325 esse
562 1260 644 1326 dixit
675 1262 864 1347 παρρησίαν
893 1264 925 1324 et
953 1260 1128 1343 ἰσηγορίαν
1158 1256 1240 1346 (sive
1266 1258 1467 1348 ίσοίογίαα);

295 1389 368 1432 cum
391 1388 466 1432 vero
491 1366 620 1432 eaedem
644 1388 739 1432 voces
768 1366 821 1431 hio
845 1387 972 1450 quoque
996 1365 1181 1451 legerentur
1204 1365 1290 1455 (Pol.
1309 1365 1419 1432 XXXI
1439 1368 1469 1452 7,

297 1473 367 1560 16),
391 1474 573 1542 orationem
597 1473 736 1557 Polybio
761 1473 823 1558 ipsi
853 1471 1012 1538 attribuit.
1057 1471 1252 1538 Valetonem
1280 1473 1343 1538 hac
1370 1475 1404 1538 in
1433 1495 1468 1538 re

295 1601 476 1645 sermonem
499 1580 714 1664 Polybianum
742 1601 807 1645 non
836 1578 932 1663 plane
959 1578 1162 1663 perspexisse
1192 1579 1357 1646 existimo:
1390 1602 1467 1647 sane

295 1687 436 1771 scriptor
469 1687 657 1770 saepissime
689 1686 787 1750 verba
819 1686 986 1771 παρρησία
1023 1689 1056 1749 et
1093 1682 1246 1770 ἰσηγορία
1283 1687 1466 1771 coniunxit3

295 1797 422 1876 praeter
459 1793 607 1878 exempla
644 1815 663 1857 a
700 1791 860 1858 Valetone
897 1792 998 1857 allata
1034 1790 1083 1880 (ΙΙ
1101 1792 1154 1876 42,
1169 1793 1204 1876 33
1238 1791 1365 1857 XXVII
1384 1794 1415 1878 4,
1431 1790 1466 1881 7)

296 1899 406 1963 eadem
427 1900 525 1964 etiam
544 1901 696 1985 leguntur
713 1899 747 1964 ΙΙ
766 1899 817 1980 38,
832 1900 866 1985 63
885 1897 933 1963 IV
952 1899 1005 1981 31,
1019 1900 1053 1985 43
1072 1897 1121 1963 VI
1140 1898 1170 1982 9,
1184 1898 1220 1982 43
1239 1899 1268 1982 9,
1283 1899 1313 1964 5.
1344 1899 1466 1966 Noster
1593 1929 1595 1933 ’

295 2007 402 2070 autern
426 2005 515 2070 locus
550 2006 639 2072 solus
668 2003 792 2093 (XXXI
813 2002 914 2092 7,16)
946 2005 1053 2070 differt
1085 2006 1126 2070 ab
1159 2004 1310 2070 omnibus
1344 2009 1468 2093 ceteris,

293 2133 367 2177 cum
390 2112 454 2177 hoc
476 2134 541 2178 uno
565 2113 717 2196 legantur
738 2112 905 2196 παρρησία
929 2114 962 2175 et
985 2111 1143 2193 tootoytor.
1189 2110 1303 2196 Itaque
1328 2113 1379 2177 vel
1402 2113 1463 2178 hac

293 2235 333 2282 ex
352 2218 568 2303 discrepantia
587 2217 777 2284 concludere
795 2218 870 2282 licet
890 2215 1070 2282 orationem
1089 2239 1108 2280 a
1126 2215 1265 2301 Polybio
1285 2218 1356 2302 ipso
1376 2241 1460 2285 oom-

293 2325 434 2410 positam
456 2346 522 2389 non
547 2346 627 2390 esse.

380 2430 494 2497 Potius
522 2430 570 2496 La
593 2431 711 2497 Roohii
734 2428 780 2518 (p.
799 2427 857 2518 66)
895 2431 1090 2497 sententiam
1127 2430 1274 2515 praefero
1311 2433 1465 2517 pleraque

192 2531 193 2534 '
296 2537 391 2603 huius
412 2538 569 2603 orationis
590 2539 631 2603 ab
650 2536 826 2622 Astymede
850 2538 921 2622 ipso
946 2560 980 2603 re
998 2559 1075 2603 vera
1097 2539 1132 2602 in
1151 2541 1266 2604 senatu
1289 2538 1376 2603 dicta
1396 2559 1466 2604 esse

294 2644 500 2709 declarantis.
545 2643 631 2710 Nam
668 2667 741 2710 cum
780 2644 938 2731 originem
970 2644 1134 2710 Rhodiam
1171 2644 1328 2711 orationis
1361 2646 1467 2711 mani·

294 2750 413 2816 festum
442 2770 526 2836 esse,
549 2755 617 2816 tum
646 2751 728 2816 satis
756 2752 860 2816 multa
887 2751 1020 2836 propria
1048 2754 1157 2816 extare
1180 2751 1214 2816 in
1243 2773 1281 2817 ea
1305 2751 1465 2837 existimo,

294 2857 411 2942 quibus
436 2861 548 2942 aperte
573 2879 593 2922 a
616 2858 731 2923 ceteris
755 2857 930 2924 Rhodiaeis
956 2859 1154 2944 seiungetur.
1191 2857 1361 2935 Quomodo
1384 2881 1461 2925 vero

295 2963 452 3049 Polybius
467 2964 551 3030 hanc
566 2964 747 3030 orationem
766 2968 880 3030 nactus
900 2965 953 3049 sit,
971 2968 1081 3030 utrum
1101 2986 1140 3029 ex
1158 2965 1319 3031 tabulario
1335 2964 1462 3031 Rhodio

293 3094 335 3136 an
356 3070 505 3137 Romano
536 3093 578 3136 en
609 3072 673 3137 elio
702 3072 856 3157 quodam,
883 3075 993 3136 utrum
1021 3094 1060 3137 ex
1087 3071 1225 3136 Zenonis
1253 3071 1392 3137 historia
1421 3094 1462 3137 en

294 3177 358 3242 alio
384 3199 422 3242 ex
446 3177 568 3262 libello,
590 3178 653 3244 hoc
676 3200 735 3262 pro
760 3181 846 3243 certo
869 3176 1018 3264 indagari
1040 3198 1137 3263 posse
1159 3198 1225 3241 non
1248 3198 1330 3242 reor.

381 3281 439 3347 nis
473 3304 598 3368 quoque
632 3284 756 3368 verbis,
789 3284 906 3370 quibus
940 3284 1046 3349 oratio
1085 3281 1318 3366 circumdatur,
1351 3287 1466 3350 auctor

295 3388 442 3454 Rhodius
472 3392 687 3474 monstratur,
710 3412 782 3456 omn
813 3411 894 3474 quae
925 3393 1055 3457 senatus
1084 3389 1122 3454 de
1151 3389 1320 3454 eademne
1344 3393 1463 3475 egerat,

295 3495 485 3560 brevissime
504 3495 719 3561 absolvantur
738 3492 784 3583 (7,
800 3493 954 3581 19-20),
974 3517 1158 3581 quanquam
1178 3517 1215 3560 ea
1239 3495 1336 3560 etiam
1356 3495 1461 3561 multo

295 3602 448 3687 graviora
471 3606 564 3667 erant
587 3624 682 3687 quam
707 3603 811 3669 oratio
835 3602 935 3688 legati
957 3595 1168 3668 Rhodiorum.
1215 3600 1328 3687 Neque
1351 3601 1464 3667 foedus

294 3732 313 3774 a
335 3708 492 3774 Romanis
521 3709 604 3794 πρὸς
625 3703 789 3793 Ῥοδίους,
823 3708 878 3773 sed
906 3732 925 3773 a
947 3707 1086 3774 Rhodiis
1114 3709 1197 3794 πρὸς
1215 3701 1399 3792 Ῥωμαίους
1425 3709 1464 3775 fit

292 3813 338 3902 (7,
352 3812 424 3902 20),
458 3836 540 3900 quae
573 3814 671 3880 verba
704 3816 744 3880 ad
776 3815 900 3881 fontem
936 3815 1197 3901 perspiciendum
1234 3814 1313 3879 satis
1351 3813 1463 3899 magni

292 3921 447 3988 momenti
467 3924 556 4006 sunt3
574 3921 684 4006 itaque
703 3921 921 3988 coniecturam
939 3918 1127 4007 anonymi³)
1146 3921 1358 4006 proponentis
1380 3920 1463 4005 πρὸς

288 4022 440 4106 Ῥοδίους
463 4028 622 4113 improbo.

384 4295 409 4357 1)
428 4290 504 4359 quod
523 4289 614 4360 Scala,
632 4308 660 4360 p.
675 4296 736 4361 267,
756 4291 909 4346 credidisse
927 4290 1006 4346 videt
1040 4333 1046 4346 .

383 4381 410 4448 e)
428 4397 455 4448 p.
471 4385 532 4450 ere,
551 4380 616 4434 adn.
633 4385 657 4450 1,
677 4382 706 4436 et
723 4397 749 4449 p.
765 4385 826 4448 ens,
845 4380 907 4435 adn.
924 4384 948 4435 e.

383 4468 410 4538 3)
428 4466 530 4523 Philol.
549 4467 695 4540 Anneiger‚
716 4473 792 4539 1869,
811 4486 838 4538 p.
854 4474 896 4524 93.
