3498 5202
738 360 956 425 ..77-

266 523 447 607 στραταγὸς
474 517 528 584 ἐπὶ
554 519 591 584 τὸ
621 517 725 604 πέραν
733 517 757 602 1)
786 523 864 585 erat.
910 517 1013 594 Quam
1046 519 1263 583 coniecturam
1296 517 1433 600 speciosi

268 627 389 712 aliquid
410 634 442 690 et
460 625 688 711 gratihabere
711 646 805 691 nemo
830 625 1038 709 infitiabitur3
1064 646 1168 709 neque
1190 623 1252 689 hoc
1276 623 1434 708 displicet,

267 734 350 818 quod
374 734 426 798 vir
448 733 562 798 doctus
586 731 782 816 Nicagoram
806 731 881 796 inde
904 732 945 796 ab
974 753 1058 796 anno
1086 730 1237 814 201s200
1265 752 1365 815 usque
1394 729 1433 794 ad

266 862 387 905 annum
413 839 559 922 198s197
584 860 648 903 uno
671 842 783 904 tenore
806 836 962 922 praefecti
979 836 1118 903 Peraeae
1138 859 1270 902 munere
1287 837 1434 903 functum
1525 828 1527 834 ¹

266 967 335 1011 esse
367 945 546 1030 proposuit.
591 942 706 1028 Neque
738 948 848 1009 tamen
880 943 1133 1009 obliviscendum
1166 947 1216 1008 661
1247 943 1327 1009 haec
1360 965 1434 1008 con·

266 1053 386 1118 iectura
410 1073 499 1116 mera
522 1049 683 1116 Hillerum
709 1054 891 1116 assecutum
915 1071 994 1135 esse,
1017 1072 1090 1115 oum
1113 1072 1171 1134 per
1195 1071 1229 1114 66
1252 1048 1433 1134 Nicagoras

229 1235 231 1238 ¹
266 1159 363 1223 etiam
383 1162 498 1243 postea
516 1157 697 1243 praefectus
716 1158 750 1222 in
769 1157 835 1222 illis
854 1157 1040 1243 regionibus
1061 1178 1130 1222 esse
1150 1157 1302 1240 potuerit,
1321 1177 1368 1221 ex.
1388 1177 1434 1241 gr.

265 1269 341 1350 post
360 1265 481 1330 bellum
501 1262 670 1349 Syriacum
688 1263 825 1330 Rhodiis
844 1263 931 1328 bella
953 1263 1147 1349 gravissima
1159 1264 1204 1328 in
1223 1261 1303 1328 Asia
1322 1283 1434 1348 geren-

269 1372 367 1436 tibus.
412 1371 526 1455 Itaque
549 1372 610 1435 hac
638 1370 677 1435 de
704 1393 739 1434 re
768 1369 924 1435 dissentio
951 1391 1025 1434 oum
1048 1368 1186 1450 Hillero,
1214 1368 1301 1452 quod
1327 1369 1434 1433 verbis

264 1478 353 1545 hisce
370 1477 490 1563 (Gth.
507 1478 602 1562 1036,
616 1474 666 1564 8):
690 1476 957 1562 ἀνακτησάμενος
974 1476 1036 1540 τὰν
1050 1479 1217 1559 Πισυῆτιν
1235 1475 1347 1560 χώραν
1365 1479 1433 1539 κτλ.

265 1585 490 1651 testimonium
515 1588 639 1648 certum
663 1584 822 1649 contineri
843 1583 948 1649 voluit
959 1582 1040 1647 inde
1062 1606 1080 1647 a
1100 1605 1163 1667 quo
1182 1585 1328 1664 ternpore
1347 1579 1434 1646 Rho·

267 1691 328 1755 diis
352 1690 572 1775 possessiones
597 1691 630 1756 in
654 1689 753 1755 Asiae
776 1690 960 1755 continente
984 1689 1124 1754 fuissent
1147 1685 1200 1774 (cf.
1223 1712 1253 1772 p.
1273 1687 1339 1772 45).

352 1798 385 1862 h.
412 1795 722 1882 Φιλοκράτης-
749 1797 969 1881 Φιλόφρων.
1010 1793 1060 1859 De
1083 1790 1309 1881 Leusseh²)‚u
1350 1793 1434 1877 apud

248 1901 440 1987 ‘Polybium
458 1902 551 1968 XXX
570 1903 632 1988 5,1
662 1905 858 1989 Φιλόφρονα
876 1925 935 1986 pro
958 1901 1168 1988 Φιλοκράτην
1191 1906 1435 1984 supponeretur,

266 2010 383 2074 suasit:
415 2032 491 2074 nam
523 2009 722 2095 legationem
751 2009 907 2094 priorem,
937 2008 1026 2073 cuius
1056 2009 1205 2092 princeps
1233 2005 1434 2070 Philocrates

267 2121 351 2200 erat,
382 2117 447 2182 iam
481 2119 577 2181 antea
609 2115 740 2180 domum
772 2115 907 2180 rediisse
938 2115 1146 2198 opinabatur,
1175 2112 1434 2198 quandoquidem

267 2222 361 2288 XXX
381 2224 402 2286 4
425 2223 515 2286 nulla
539 2222 606 2285 eius
629 2221 713 2285 ratio
737 2210 921 2286 haberetur.
952 2221 997 2284 At
1014 2218 1223 2284 Leutschium
1242 2219 1332 2283 locus
1352 2218 1434 2282 alins

269 2330 348 2393 item
370 2327 572 2413 Polybianus
600 2326 685 2413 fugit
707 2326 800 2391 XXX
819 2329 871 2412 22,
885 2327 921 2410 4,
948 2348 1011 2418 quo
1039 2325 1168 2390 disertis
1196 2324 1302 2389 verbis
1325 2323 1433 2388 Philo-

265 2436 422 2519 phronem
445 2458 530 2504 anno
557 2436 619 2501 166
643 2435 793 2500 Rhodum
816 2434 950 2500 rediisse
981 2436 1147 2516 narratur,
1174 2432 1246 2496 ideo
1273 2431 1358 2495 idem
1385 2431 1435 2495 vir

265 2563 332 2606 non
354 2542 420 2606 iam
445 2564 529 2607 anno
555 2542 617 2606 167
643 2529 916 2606 domumabiisse
939 2543 1058 2624 potest.

354 2646 442 2712 Haec
475 2651 583 2713 autem
615 2648 699 2713 ratio
731 2647 817 2712 inter
849 2646 1029 2732 legationes
1062 2643 1206 2710 Rhodias
1240 2644 1306 2708 illis
1340 2644 1433 2708 aunis

266 2753 405 2818 Romam
442 2753 557 2818 missas
594 2753 765 2819 intercedit
796 2751 880 2841 (Pol.
899 2752 993 2818 XXX
1011 2754 1042 2836 4,
1060 2750 1107 2836 1):
1136 2752 1217 2816 duae
1250 2751 1432 2834 legationes

266 2858 467 2925 Rhodiorum
495 2860 619 2926 Romae
650 2863 833 2926 versantur:
865 2860 1026 2946 principos
1055 2861 1148 2924 erant
1175 2857 1294 2943 prioris
1324 2855 1434 2921 Philo·

266 2970 383 3046 crates,
417 2967 551 3033 alterius
584 2967 786 3052 Philophron
819 2971 851 3032 et
882 2966 1085 3051 Astymedes.
1132 2963 1218 3040 Quas
1246 2986 1297 3028 res
1326 2963 1434 3029 Philo-

209 3084 210 3088 ’
265 3076 368 3138 crates
384 3072 506 3139 Romae
525 3075 672 3160 gesserit,
690 3075 866 3158 nescimus,
885 3073 947 3138 hoc
967 3059 1070 3137 solum
1091 3074 1220 3137 constat
1240 3092 1311 3134 eum
1332 3071 1435 3152 adhuc

265 3177 390 3244 Romae
413 3180 523 3264 fuisse,
547 3203 620 3245 eum
643 3179 749 3244 altera
771 3179 894 3265 legatio
918 3178 1030 3243 eodem
1054 3177 1204 3243 venisset.
1252 3176 1336 3253 Quid
1354 3177 1435 3241 haec

267 3286 370 3350 altera
392 3286 514 3370 legatio
533 3285 657 3351 Romae
676 3285 789 3371 egerit,
808 3283 961 3370 Polybius
986 3284 1115 3369 copiose
1134 3287 1245 3347 narrat
1264 3279 1370 3369 (XXX
1384 3279 1435 3369 4);

267 3391 379 3456 deinde
403 3392 523 3477 legatio
546 3393 637 3478 prior
655 3391 808 3458 Rhodum
826 3391 973 3475 profecta
992 3397 1050 3475 est,
1070 3391 1126 3454 ubi
1145 3390 1183 3454 de
1201 3388 1300 3454 rebus
1316 3388 1434 3454 utrius·

267 3518 328 3581 que
351 3497 525 3583 legationis
549 3499 695 3586 referret,
724 3500 825 3563 altera
853 3499 974 3582 legatio
997 3496 1122 3563 Romae
1145 3496 1304 3561 remansit
1328 3492 1435 3582 (XXX

266 3601 355 3690 5,1).
377 3603 447 3669 Iam
469 3604 589 3670 Rhodii
608 3607 737 3671 tertiam
757 3605 955 3692 legationem
975 3605 1132 3669 miserunt
1150 3603 1297 3688 principe
1311 3601 1436 3666 Theae-

265 3713 334 3775 teto
366 3695 474 3797 (XXX
491 3710 521 3794 5,
534 3708 584 3798 4),
615 3714 789 3796 postquam
816 3711 897 3776 haec
928 3711 962 3775 in
995 3713 1143 3775 senatum
1174 3708 1297 3793 prodiit
1329 3705 1435 3795 (XXX

266 3817 319 3896 22,
335 3813 450 3904 1-4),
473 3817 576 3881 altera
600 3815 730 3882 domum
753 3817 863 3904 rediit,
887 3821 1055 3882 utrorum
1083 3819 1115 3880 et
1139 3838 1270 3881 suarum
1296 3818 1328 3879 et
1349 3816 1435 3900 lega·

265 3923 365 3989 tionis
388 3924 505 3989 tertiae
529 3922 690 3989 rationem
713 3922 868 3988 redderet.

354 4029 422 4094 Liv.
443 4029 533 4095 XLV
552 4029 639 4114 25,b
670 4031 881 4115 neglegenter
913 4029 1132 4094 Philocratem
1164 4031 1197 4093 et
1225 4027 1435 4113 Astymedem

265 4137 361 4234 unius
384 4137 557 4223 legationis
581 4158 651 4202 6666
676 4137 863 4203 contendit·
888 4136 980 4213 Quod
999 4136 1117 4202 vitium
1135 4135 1207 4201 ideo
1232 4136 1435 4201 commisisse

356 4292 585 4363 1)01ah.1oee;
605 4299 670 4364 2023
690 4293 724 4350 cf.
744 4293 831 4348 etiam
849 4292 964 4348 titulum
979 4293 1142 4362 Gedraeum,
1162 4291 1294 4362 arob-ep.
1314 4290 1389 4349 Mitt.
1409 4306 1434 4347 a.

267 4380 355 4436 Oestr.
370 4381 435 4436 XVI
449 4388 507 4438 103.

356 4473 382 4543 a)
401 4470 476 4527 6611.
496 4471 556 4528 ael.
575 4473 641 4528 Anz.
664 4476 740 4540 1855,
759 4491 786 4542 p.
802 4477 861 4527 aaa.
