3498 5202
763 311 985 378 „53-

285 473 408 558 Ephesi
432 472 525 538 evehi
549 469 616 558 (15,
631 468 676 559 9).
722 469 768 538 Ut
790 471 990 538 Rhodiorum
1013 473 1174 539 voluntati
1203 473 1312 560 aliqua
1341 474 1457 540 saltem

288 602 327 645 ex
345 582 439 663 parte
458 577 693 664 saffisfacereut,
707 578 847 645 Romani
867 579 1070 645 classiculam
1089 579 1260 654 minimam
1274 581 1310 645 in
1324 579 1458 665 Lyciam

285 683 459 771 miserunt,
490 707 572 770 quae
605 685 697 752 brevi
729 690 804 770 post
831 686 951 751 infecta
978 707 1013 750 re
1041 685 1137 750 rediit
1160 684 1243 774 (16).
1288 686 1398 752 Etiam
1422 688 1458 752 in

286 793 390 858 altera
408 791 612 876 expeditione
633 791 842 858 describenda
859 791 983 858 fontem
1003 791 1166 858 Rhodium
1186 793 1370 860 adhibitum
1385 815 1455 860 esse

285 900 351 965 iam
373 897 497 964 Nissen
518 893 684 984 perspexit
707 895 752 985 (p.
773 896 860 983 193).

373 1020 510 1109 Saepius
551 1027 719 1108 praeterea
760 1026 924 1088 auctorem
960 1023 1173 1109 principalem
1211 1024 1334 1090 medios
1370 1025 1456 1092 inter

285 1129 431 1195 Rhodios
451 1132 634 1194 versantem
653 1130 812 1214 videmus3
832 1133 869 1194 ut
888 1127 971 1217 (110.
986 1129 1145 1195 XXXVII
1166 1132 1217 1215 12,
1232 1130 1333 1218 1-9)
1351 1134 1456 1197 totam

283 1235 434 1301 Rhodum
458 1235 601 1301 maximo
621 1257 766 1301 maerore
785 1240 819 1300 et
841 1236 932 1301 luctu
951 1236 1236 1303 vehementissimo
1261 1238 1457 1322 completam

282 1342 383 1407 fuisse
412 1345 488 1426 post
521 1341 647 1407 cladem
680 1343 720 1408 ad
748 1341 969 1407 Panhormum
993 1346 1158 1426 acceptam
1188 1344 1317 1409 disertis
1348 1344 1456 1410 verbis

215 1513 217 1518 .
284 1453 463 1515 0000000100.
489 1447 594 1524 ¹Quin
622 1449 721 1514 etiam
748 1470 982 1533 nonnunquam
1010 1470 1061 1514 res
1089 1449 1256 1515 Romanae
1284 1454 1456 1535 propterea

284 1556 380 1622 modo
405 1554 567 1641 copiosius
591 1556 760 1621 nuntiatae
785 1559 869 1639 sunt,
888 1556 975 1640 quod
998 1556 1044 1621 eis
1068 1579 1141 1621 cum
1159 1556 1295 1621 Rhodiis
1315 1578 1456 1623 conexus

283 1661 415 1747 quidam
434 1665 517 1747 erat3
537 1662 729 1727 documento
748 1662 811 1727 hoc
832 1662 903 1727 1000
923 1666 1009 1727 utar:
1028 1661 1186 1728 XXXVII
1202 1663 1253 1748 13,
1270 1663 1455 1748 11—14‚4:

281 1768 450 1854 Epicrates
473 1766 619 1834 Rhodius
644 1772 797 1852 quattuor
825 1789 898 1833 cunr
926 1769 1063 1834 navibus
1088 1766 1186 1834 Samo
1210 1765 1453 1853 Cephalleniam

241 1941 245 1947 ,
282 1874 434 1940 dimissus
454 1873 580 1940 Piraeei
603 1875 638 1940 in
662 1897 781 1940 norum
806 1874 919 1940 classis
942 1877 1143 1960 praefectum
1161 1874 1384 1942 Romanorum
1407 1877 1454 1941 in·

281 1982 375 2066 oidit3
404 2003 542 2066 quocum
570 1979 633 2047 iter
655 1985 743 2047 retro
767 1986 896 2047 vertens
920 1981 955 2046 in
978 2003 1073 2060 cursu
1096 1981 1345 2048 Timasicratem
1367 1982 1455 2048 Rho·

279 2087 369 2153 dium
398 2088 522 2154 duabus
554 2088 810 2172 quadriremibus
839 2087 1041 2172 praefectum
1074 2091 1188 2154 nactus
1221 2083 1285 2172 est3
1318 2089 1454 2173 denique

280 2217 353 2260 cum
377 2195 451 2260 aliis
476 2194 735 2279 quadriremibus
754 2194 878 2259 duabus
897 2193 1034 2260 Rhodiis
1054 2199 1282 2260 convenerunt.
1312 2192 1454 2261 Mortem
1476 2231 1479 2238 ·

279 2323 356 2367 vero
375 2300 418 2366 M.
437 2301 571 2366 Aemilii
592 2297 765 2388 (XXXVII
783 2301 836 2385 22,
850 2298 888 2387 2)
912 2299 1077 2366 aZenone
1095 2299 1186 2365 nulla
1209 2299 1274 2365 alia
1298 2300 1336 2365 de
1356 2322 1454 2367 causa

282 2413 571 2474 commemoratam
595 2429 665 2473 esse
689 2429 804 2473 censeo
828 2407 892 2473 nisi
915 2407 1001 2492 quod
1024 2407 1176 2492 exsequia
1198 2405 1400 2473 Rhodiorum
1424 2408 1453 2472 ei

285 2515 436 2580 adiuncta
460 2519 544 2580 sunt.

278 2676 280 2680 ,
368 2638 530 2705 Zenonem
553 2639 639 2703 inter
661 2637 808 2703 Rhodios
837 2638 962 2704 nobiles
992 2637 1094 2703 fuisse
1123 2643 1157 2703 et
1185 2638 1453 2725 supra(pp.12;

280 2744 353 2831 36);
381 2746 558 2811 identidem
582 2744 803 2810 demonstrare
838 2744 960 2830 studui,
994 2749 1027 2809 et
1054 2744 1117 2810 100
1146 2767 1185 2810 ex
1214 2745 1285 2810 loco
1316 2745 1454 2811 efficitur

282 2850 455 2940 (XXXVII
472 2853 522 2936 12,
537 2847 582 2937 7),
597 2873 660 2936 quo
675 2855 788 2916 auctor
802 2851 946 2916 militurn
966 2852 1191 2937 gregariorum
1209 2851 1369 2917 iacturam
1387 2874 1452 2918 non

193 2966 195 2970 '
282 2959 386 3044 magis
411 2958 499 3024 dolet
517 2980 614 3043 quarn
638 2958 780 3040 navium,
804 2979 877 3023 cum
900 2959 1034 3024 iuvenes
1053 2958 1180 3023 nobiles
1199 2979 1310 3043 pugna
1329 2959 1453 3025 occisos
1497 3021 1498 3024 ,

279 3068 372 3150 grate
400 3065 515 3150 pieque
543 3067 766 3149 prosequatur.
810 3064 997 3129 Virtutibus
1020 3063 1229 3149 Pausistrati,
1258 3065 1315 3149 qui
1342 3068 1452 3131 tamen

282 3171 399 3236 vitium
424 3170 652 3257 gravissimum
677 3169 884 3236 commiserat
903 3167 1116 3257 (0.10-11),
1140 3170 1281 3236 laudatis
1304 3168 1345 3257 (c.
1366 3173 1450 3255 12,8

279 3275 445 3364 ‘merito'),
465 3280 631 3343 auctorem
654 3277 740 3342 inter
758 3277 933 3360 optimates
951 3275 1053 3342 fuisse
1072 3276 1280 3342 manifestum
1299 3281 1358 3362 est,
1378 3299 1450 3343 cum

281 3383 424 3450 Dinones
449 3388 483 3449 et
505 3383 702 3467 Polycrates
726 3383 838 3448 ducem
862 3382 956 3447 illurn
979 3382 1188 3449 acerbissime
1211 3383 1451 3468 vituperaturos

277 3490 377 3557 fuisse
401 3492 473 3557 luce
497 3481 615 3556 0100100
639 3491 692 3555 sit.

367 3632 456 3708 Quae
485 3655 557 3699 cum
586 3612 634 3696 ita
662 3633 739 3716 sint,
762 3632 933 3716 Polybium
961 3653 1029 3730 000
1057 3633 1164 3697 solum
1191 3631 1225 3696 in
1253 3632 1451 3698 101101110-

222 3746 223 3750 ’
278 3741 404 3805 diorum
427 3744 460 3806 et
483 3739 642 3824 Philippi,
673 3738 729 3803 sed
758 3739 856 3803 etiam
884 3739 916 3801 in
945 3738 1032 3804 bello
1057 3737 1191 3822 Syriaco
1220 3739 1449 3804 conscribendo

279 3846 369 3912 fonte
391 3843 518 3912 Rhodio
543 3867 638 3910 usum
663 3866 733 3910 esse
756 3866 829 3910 reor
851 3844 988 3910 Zenone.

367 3988 457 4054 Haec
491 3987 638 4073 quaestio
671 3991 788 4072 restat,
820 3991 929 4053 utrum
962 3985 1124 4052 Zenonem
1156 3987 1288 4052 unicum
1320 3987 1381 4052 bac
1416 3989 1451 4052 in

276 4099 370 4181 parte
399 4095 620 4180 componenda
647 4093 806 4179 Polybius
834 4090 892 4181 (=
916 4093 1026 4159 Livius
1054 4092 1214 4158 XXXVII
1238 4090 1363 4181 8-32)
1396 4094 1449 4158 ad-

276 4201 419 4267 hibuerit
456 4224 497 4266 an
538 4201 638 4267 etiam
678 4199 758 4265 alios
800 4200 976 4285 scriptores
1017 4221 1134 4266 rerum.
1193 4199 1263 4264 Iam
1307 4199 1335 4264 si
1377 4199 1448 4283 quis

276 4308 525 4393 descriptionem
571 4307 740 4373 Liuianum
787 4307 878 4372 oculo
924 4306 1035 4372 veloci
1077 4304 1290 4391 percurrerit,
1335 4305 1447 4371 statim

278 4413 515 4479 animadvertet
542 4414 688 4499 partibus
722 4412 858 4498 siugulis
891 4414 1050 4499 originem
1079 4411 1271 4478 Zenonicam
1303 4411 1355 4476 his
1385 4412 1449 4476 ela·
1562 4489 1566 4497 Ι
