3498 5202
813 365 1030 432 ,50-

340 527 383 592 ab
397 528 486 592 omni
500 525 732 611 probabilitate
747 526 911 592 abhorret.
947 525 1034 602 Quas
1053 547 1127 590 eum
1146 524 1188 590 ad
1201 526 1339 591 classem
1356 547 1510 612 magnam

337 632 474 698 rediisse
496 633 598 698 multo
621 633 690 697 veri
721 631 861 697 similius
889 632 948 716 sit,
969 631 1035 707 iam
1058 653 1132 697 eum
1154 652 1339 715 numerum,
1362 632 1419 717 qui
1441 631 1511 697 effi-

337 744 478 822 ceretur,
500 740 529 804 si
551 739 593 806 ad
615 738 782 805 Romanos
805 760 861 804 eas
885 737 1020 804 rediisse
1043 736 1152 802 Livius
1175 737 1325 822 dixisset,
1347 737 1438 802 uncis
1461 738 1510 802 in-

337 847 465 912 clusum
487 846 581 910 alteri
603 867 738 911 numero
763 844 893 910 addam:
922 847 1120 931 quapropter
1149 846 1227 910 tunc
1250 844 1292 908 21
1312 841 1387 930 (28)
1409 865 1509 910 nares

336 951 483 1017 Rhodiae
505 950 602 1018 classi
626 951 847 1018 Romanorum
870 951 1018 1038 aderant3
1048 950 1227 1035 exquibus
1253 952 1296 1018 13
1317 950 1352 1016 in
1375 950 1508 1034 Lyciam

337 1059 531 1144 ablegantur
553 1055 622 1144 (22,
635 1057 686 1144 2),
707 1058 934 1143 relinquuntur
956 1057 1057 1142 igitur
1081 1058 1101 1123 8
1124 1055 1198 1144 (15)
1223 1057 1309 1142 apud
1332 1057 1509 1122 Romanos.

426 1165 478 1229 Ad
508 1164 744 1251 expeditionem
772 1165 905 1250 Lyciam
933 1164 1053 1230 Rhodii
1084 1163 1261 1230 identidem
1293 1164 1374 1230 alias
1406 1183 1509 1230 novas

338 1293 438 1338 naves
451 1269 567 1337 Rhodo
586 1271 744 1338 miserunt
762 1269 832 1358 (22,
845 1269 962 1358 3-4),
981 1273 1090 1355 itaque
1109 1273 1181 1336 tota
1195 1270 1308 1336 classis
1327 1270 1361 1334 in
1375 1269 1510 1355 Lyciam

338 1377 492 1464 ablegata
526 1399 565 1443 ex
600 1377 653 1442 hie
685 1379 825 1444 navibus
857 1380 1000 1443 constat:
1040 1379 1081 1443 13
1097 1378 1136 1458 -Ι-
1155 1377 1197 1442 13
1213 1378 1252 1458 -Ι-
1268 1376 1290 1440 4
1306 1378 1346 1458 -l-
1364 1377 1384 1442 6
1400 1376 1509 1441 ΕΙ36.

337 1483 485 1560 Quocum
519 1484 624 1550 altera
654 1483 739 1550 Livii
775 1484 950 1550 earundem
985 1483 1116 1549 navium
1153 1483 1354 1567 computatio
1392 1480 1458 1570 (23,
1472 1479 1510 1568 4)

337 1590 502 1676 congruit:
535 1592 578 1656 32
594 1592 634 1672 -l-
649 1592 672 1656 4
687 1621 729 1644 =
744 1590 796 1656 36.
841 1589 931 1656 Η111
964 1590 1094 1672 classis,
1114 1593 1290 1675 postquam
1318 1589 1411 1654 nulla
1433 1589 1510 1655 navi

337 1697 460 1764 amissa
487 1695 704 1762 Hannibalem
736 1697 777 1763 ad
810 1695 919 1764 Sidam
927 1694 952 1781 ¹)
987 1696 1080 1781 vicit,
1106 1694 1257 1761 Rhodum
1290 1699 1419 1761 revecta
1450 1698 1510 1760 est

337 1803 430 1868 Unde
468 1803 507 1868 ad
540 1803 662 1868 Patara
698 1805 891 1886 20÷4=
907 1804 950 1868 24
980 1825 1081 1870 naves
1114 1801 1184 1889 (24,
1200 1804 1240 1868 12
1265 1806 1298 1868 11
1319 1802 1372 1887 25,
1386 1799 1437 1888 3),
1469 1801 1511 1868 sd

339 1909 507 1976 Romanos
532 1911 550 1974 7
574 1913 703 1974 tantum
727 1907 867 1996 (24,13)
891 1912 1074 1976 mittuntur.

428 2015 511 2082 Cum
528 2016 631 2081 classe
649 2017 800 2082 Romana
819 2015 919 2102 igitur
937 2019 1014 2083 tunc
1034 2016 1076 2082 15
1095 2013 1168 2104 (22)
1187 2037 1286 2081 naves
1306 2014 1508 2081 Rhodiorum

339 2122 485 2208 stabant,
506 2127 747 2209 peropportuno
769 2145 844 2190 vero
868 2123 965 2207 eadit,
985 2123 1070 2208 quod
1089 2123 1200 2188 Livius
1219 2123 1318 2188 etiam
1341 2143 1509 2188 numerum

337 2230 471 2295 narium
494 2229 696 2296 Rhodiarum
728 2230 863 2297 tradidit
891 2225 1022 2316 (30,1)‚
1056 2251 1138 2314 quae
1170 2249 1300 2316 pugnae
1332 2227 1373 2292 ad
1395 2227 1510 2311 Myon·

337 2358 452 2400 nesum
474 2335 581 2402 factae
599 2337 796 2403 intererant:
819 2337 872 2402 ‘ab
891 2337 1048 2402 Romanis
1072 2337 1242 2422 octoginta
1263 2356 1363 2401 naves
1385 2355 1509 2420 pugna·

213 2521 221 2530 ⁶
338 2444 427 2527 bant,
451 2465 490 2508 ex
513 2443 630 2527 quibus
649 2442 796 2509 Rhodiae
821 2443 904 2509 duae
927 2446 961 2508 et
979 2443 1096 2530 viginti
1119 2441 1235 2509 erant'.
1271 2441 1334 2518 Qui
1356 2463 1509 2506 numerus

340 2551 477 2616 vitiosus
501 2553 564 2635 est,
588 2550 616 2614 si
639 2548 724 2615 Livii
754 2550 942 2616 testimonia
971 2550 1080 2635 priora
1110 2550 1285 2635 sequimur3
1316 2547 1506 2614 emendatus
1558 2581 1564 2588 ·

340 2659 455 2722 contra
479 2659 512 2721 et
535 2678 643 2741 rarus,
666 2658 694 2722 si
716 2657 810 2723 illam
832 2660 945 2722 notam
968 2655 1094 2722 numeri
1116 2656 1243 2722 uncinis
1272 2655 1505 2722 circumdatam

338 2767 444 2827 ratam
477 2762 687 2847 arbitramur,
718 2765 746 2828 si
777 2764 880 2851 igitur
910 2785 1022 2830 vocem
1055 2761 1219 2828 ‘domum'
1247 2759 1333 2849 (biv.
1350 2760 1509 2826 XXXVII

340 2864 465 2955 16,13)
489 2890 597 2934 111111
622 2869 779 2953 scriptam
803 2870 959 2952 ducimus,
981 2869 1049 2935 sive
1074 2868 1186 2934 Livius
1208 2869 1287 2954 ipse,
1310 2890 1385 2933 cum
1408 2867 1509 2932 verba

338 2973 520 3058 Polybiane
551 2975 586 3039 in
618 2996 798 3040 sermonem
826 2974 977 3040 Latinum
1010 2978 1163 3059 verteret,
1195 2975 1309 3040 vitium
1338 2974 1508 3058 commisit,

339 3080 407 3145 sive
430 3080 558 3146 librarii
582 3081 705 3166 aliquid
727 3085 956 3167 peccaverunt3
984 3104 1060 3147 nam
1090 3081 1119 3146 si
1146 3081 1236 3166 leges
1259 3078 1425 3145 ‘Samum'
1448 3100 1508 3164 pro

339 3185 512 3271 ‘domum',
534 3186 611 3253 ilico
635 3188 750 3254 vitium
775 3192 926 3253 sanatum
949 3188 1024 3272 erit3
1048 3186 1164 3253 Samus
1192 3187 1278 3253 enim
1305 3185 1509 3272 ducatricem

338 3294 453 3359 classis
476 3294 700 3360 Romanorum
724 3293 835 3381 eran).

427 3400 553 3467 Ducum
575 3401 779 3467 Rhodiorum
802 3422 869 3467 non
893 3402 999 3466 solum
1028 3401 1161 3467 nomina
1189 3404 1426 3486 memorantur,
1453 3399 1508 3466 sed

338 3508 436 3573 etiam
467 3507 598 3592 ingenia
626 3512 660 3572 et
687 3529 793 3573 mores
822 3507 918 3573 certis
951 3507 1055 3592 signis
1088 3507 1326 3591 describuntur,
1357 3507 1389 3572 id
1422 3505 1508 3592 quod

337 3615 424 3680 idem
456 3615 523 3679 iam
554 3615 589 3677 in
616 3614 847 3698 Theophilisco
875 3610 959 3700 (Pol.
976 3613 1056 3678 XVI
1074 3613 1110 3698 9)
1133 3613 1281 3680 vidimus.
1327 3613 1399 3678 Hoc
1431 3634 1507 3678 vero

428 3862 455 3931 1)
473 3860 589 3915 Prorsus
612 3858 696 3915 aliter
714 3859 858 3916 Comedus
881 3862 976 3931 Nepos
998 3877 1124 3931 pugnam
1147 3860 1184 3915 ad
1208 3859 1305 3915 Sidam
1329 3858 1507 3914 commissam

339 3948 470 4019 exposuit
487 3947 642 4019 (Hannibal
659 3948 725 4004 VIII
739 3952 780 4019 4):
798 3949 873 4005 Livii
891 3948 1053 4006 testimonio
1072 3947 1241 4004 Hannibalis
1260 3951 1323 4005 tota
1340 3948 1440 4005 elassis
1458 3949 1507 4002 de-

339 4037 416 4093 victa
434 4039 490 4106 est;
518 4038 614 4108 Nepos
632 4039 823 4095 Hannibalem
846 4055 879 4093 eo
901 4054 999 4108 cornu,
1024 4038 1070 4092 oni
1092 4037 1154 4108 ipse
1176 4037 1313 4109 praefuit,
1337 4037 1508 4108 superiorem

339 4125 502 4181 discessisse
520 4127 674 4184 contendit.
710 4128 789 4183 Idem
807 4127 902 4197 Nepos
921 4125 1110 4182 Hannibalem
1132 4127 1230 4197 paucis
1253 4128 1365 4181 tantum
1388 4124 1507 4181 naribus

337 4215 509 4285 praefectum
537 4215 624 4270 fuisse
649 4217 787 4290 narravit,
814 4234 877 4271 cum
900 4215 995 4271 Livius
1018 4215 1257 4286 (1111111111)
1279 4215 1392 4271 disertis
1413 4212 1506 4269 verbis

339 4304 497 4359 declararet
514 4304 668 4360 Hannibali
685 4311 719 4360 41
744 4321 831 4360 naves
849 4305 949 4378 fuisse,
968 4304 1086 4361 Rhodiis
1105 4310 1147 4360 36.
1185 4306 1276 4372 Quare
1298 4302 1414 4359 minime
1431 4302 1507 4357 Han·

338 4391 417 4447 nibal
434 4393 618 4449 multitudine
635 4394 761 4450 hostium
778 4410 926 4464 oppressus
946 4397 996 4450 est.

428 4486 455 4556 2)
473 4483 532 4539 Liv.
546 4482 674 4537 XXXVII
690 4489 732 4553 1³,
748 4488 776 4554 ⁶³
797 4489 839 4553 14,
853 4489 884 4552 43
904 4489 976 4554 1r‚1
997 4485 1027 4538 et
1044 4482 1164 4553 saepius.
