3498 5202
790 296 1010 362 ..55-

544 459 598 540 21,
614 455 735 523 7-10:
762 456 874 522 eadem
898 457 1112 541 exponuntur.

545 564 598 648 21,
615 564 670 629 11:
692 563 866 648 peroratio.

314 672 430 757 Itaque
448 674 578 756 praeter
592 669 771 753 exordium,
784 668 1022 754 transitionem,
1035 668 1274 754 perorationem
1293 671 1366 734 tota
1379 669 1486 735 oratio

314 801 353 844 ex
376 778 463 844 binis
486 777 641 842 membris
665 779 804 862 constat,
828 796 911 860 quae
933 775 1020 840 inter
1043 797 1078 841 se
1100 773 1308 860 respondent.

404 884 490 961 Quin
517 882 673 968 Polybius
702 882 792 967 pucis
821 904 894 948 cum
921 881 1085 948 Antiocho
1117 881 1224 948 factae
1251 881 1487 970 condiciones¹)

315 1015 353 1059 ex
372 992 494 1059 tabulis
512 989 655 1076 publicis
676 988 892 1074 exscripserit,
911 1010 978 1054 non
997 988 1122 1073 dubito,
1139 987 1398 1074 quandoquidem
1416 990 1488 1074 ipse

316 1098 434 1165 diserte
454 1094 547 1184 (XXI
565 1092 692 1182 44,10)
715 1096 778 1160 boc
800 1094 1006 1180 praedicavit
1044 1093 1111 1161 Ubi
1134 1116 1209 1160 vcro
1232 1099 1346 1161 auctor
1369 1118 1422 1161 555
1440 1096 1488 1161 in·

317 1204 471 1292 spexerit,
487 1226 548 1288 pro
571 1205 660 1268 certo
680 1201 843 1268 enucleari
865 1223 931 1268 non
953 1223 1051 1288 posse
1073 1223 1197 1286 censeo,
1217 1201 1369 1286 quoniam
1389 1202 1488 1267 verba

317 1312 437 1397 ubique
458 1310 526 1376 1555
550 1309 663 1376 eadem
687 1311 789 1374 erant.
827 1308 880 1374 Ad
903 1307 1060 1374 Rhodum·
1076 1312 1186 1373 autem
1208 1308 1289 1374 haec
1310 1309 1487 1392 pertinent:

361 1435 395 1523 a)
419 1435 491 1501 1³01.
508 1434 589 1500 xxi
607 1435 660 1518 24,
675 1435 693 1499 u
710 1463 753 1486 =
767 1432 837 1499 niv.
851 1431 1010 1498 xxxvu
1029 1433 1082 1518 55,
1095 1432 1125 1497 5.

360 1540 397 1629 5)
764 1539 834 1606 niv.
848 1537 1005 1605 xxxvn
1023 1539 1076 1624 5ο,
1090 1539 1187 1605 5-5.
1248 1573 1251 1578 -

362 1645 394 1734 0)
417 1647 487 1713 1³01.
506 1646 585 1711 xxi
604 1644 1129 1729 45,1c-17=Liv.xxxvll1
1148 1647 1200 1727 55,
1216 1646 1356 1712 11-12.

361 1751 396 1841 ο)
420 1752 488 1818 55.
506 1753 584 1818 xx1
604 1751 1162 1839 48,8Liv.XXXV11139‚13.

319 1878 371 1943 Ex
400 1877 517 1961 quibus
546 1877 686 1942 alterum
713 1881 747 1942 et
773 1877 907 1943 tertium
935 1899 973 1942 ex
1001 1876 1123 1942 tabulis
1150 1876 1291 1962 publicis
1321 1877 1490 1962 exscripta,

318 1984 460 2069 primum
491 1987 524 2048 et
554 1987 707 2068 quartum
739 1982 916 2068 aPolybio
945 1983 1096 2050 liberiore
1127 1983 1235 2068 aliqua
1264 1984 1391 2049 rstione
1414 2006 1488 2048 con-

320 2089 442 2175 scripta
465 2112 536 2157 5555
560 2090 709 2156 arbitror.

408 2195 532 2264 (155555
566 2219 640 2263 vero
672 2219 713 2262 ne
746 2198 824 2263 novi
857 2197 1033 2283 quidquam
1066 2197 1108 2262 ub
1131 2195 1281 2282 Appiano
1309 2197 1380 2284 (Mi
1398 2195 1489 2285 23)¹)

321 2304 430 2369 afferri
448 2308 543 2388 putes
563 2300 709 2368 Oeunum
734 2303 791 2369 ills
814 2325 892 2388 pace
911 2303 1048 2370 Rhodiis
1067 2303 1177 2370 datum
1201 2325 1271 2370 5555
1294 2303 1490 2388 (1551555515,

321 2410 404 2494 quod
439 2407 609 2497 Appianus
641 2430 749 2474 errore
782 2409 865 2474 dixit
897 2407 1039 2475 Caunios
1072 2411 1182 2476 eedem
1215 2431 1386 2495 perpessos
1419 2433 1490 2476 esse

320 2520 411 2581 ratus
431 2518 528 2601 atquc
547 2521 673 2582 ceteros
692 2513 802 2580 Cares.
837 2515 885 2580 At
903 2516 1059 2600 Polybius
1080 2517 1150 2601 ipse
1169 2516 1248 2582 alibi
1266 2515 1390 2605 (XXXI
1410 2520 1439 2605 7,
1453 2516 1489 2605 6)

322 2623 482 2707 expressis
496 2622 604 2686 verbis
618 2621 764 2688 Rhodios
781 2619 928 2689 Oeunum
945 2621 985 2687 de
997 2621 1174 2708 Aegyptiis
1195 2623 1340 2690 ducentis
1359 2624 1490 2690 talentis

322 2729 438 2794 emisse
461 2727 615 2794 affirmat.

410 2833 554 2900 Valeton
578 2832 623 2918 (p.
638 2831 729 2920 222),
748 2856 887 2919 quocum
911 2834 1005 2901 Soels
1028 2833 1075 2921 (p.
1089 2834 1170 2924 261)
1193 2837 1279 2922 15511,
1297 2836 1440 2903 studium
1459 2842 1491 2902 et

323 2961 465 3006 amorem
490 2960 567 3024 erga
584 2940 752 3006 Romanos
772 2941 857 3025 apud
876 2940 1048 3026 Polybium
1067 2942 1145 3007 XXI
1163 2944 1251 3029 48,8
1274 2943 1491 3030 investigasse

322 3047 385 3112 sibi
408 3047 497 3113 visus
516 3046 678 3113 Zenonem
702 3051 869 3113 auctorem
893 3047 1025 3114 subesse
1044 3049 1212 3115 contendit
1234 3049 1286 3115 his
1307 3050 1374 3115 1555
1398 3070 1491 3135 argu-

324 3154 441 3220 mentis
464 3153 570 3224 nisus:
599 3153 727 3239 quoties
749 3153 867 3238 Lycios
891 3157 925 3220 et
947 3153 1045 3220 (lares
1069 3154 1205 3220 Rhodiis
1228 3155 1273 3233 ὡς
1295 3158 1416 3240 φίλους
1436 3153 1492 3220 καὶ

323 3261 514 3345 συμμάχους
538 3261 631 3326 datos
655 3281 726 3326 esse
750 3260 899 3347 legimus,
922 3261 1046 3326 fontem
1065 3260 1195 3346 Polybii
1216 3263 1399 3329 Romanum
1422 3284 1491 3328 esse

323 3370 487 3452 oportere,
516 3367 642 3451 quoties
667 3365 704 3432 ἐν
732 3368 859 3454 δωρεᾷ,
883 3365 1060 3453 Rhodium,
1093 3389 1171 3455 ergo
1205 3372 1238 3434 et
1271 3370 1336 3435 ulia
1367 3372 1400 3435 et
1421 3367 1491 3434 Pol.

323 3472 401 3538 XXI
419 3474 506 3555 48,8
531 3472 671 3538 Zenonis
700 3495 779 3538 esse.
823 3472 871 3538 At
902 3479 1039 3559 uterque
1070 3475 1120 3539 vir
1152 3475 1266 3542 doctus
1294 3477 1406 3561 lapsus
1433 3479 1492 3556 est,

321 3617 534 3628 μ·-
569 3623 571 3630 ι

414 3701 440 3769 1)
458 3699 518 3755 Pol.
533 3697 598 3753 XXI
611 3702 659 3769 453
678 3698 737 3756 Liv.
752 3698 894 3755 XXXVIII
908 3705 955 3772 38,
974 3701 1008 3757 51.
1028 3701 1139 3772 Nissen,
1157 3719 1185 3772 p.
1200 3707 1252 3757 206
1260 3719 1321 3772 sqq.
1353 3703 1431 3758 idem
1448 3701 1492 3757 vir

325 3790 425 3844 doctus
457 3791 494 3859 (p.
510 3790 555 3859 16)
586 3791 750 3859 comparato
777 3788 857 3845 Livio
890 3792 1080 3860 excerptorem
1107 3790 1294 3862 Polybienum
1325 3790 1372 3846 hic
1403 3791 1492 3847 multa

322 3876 449 3934 omisisse
469 3877 682 3934 demonstravit.

413 3965 569 4039 5111255
598 3967 719 4024 Καύνιοι
741 3964 860 4030 Ῥοδίοις
891 3967 1034 4031 ὑποτελεῖς
1066 3963 1113 4024 ἐπὶ
1143 3968 1181 4040 τῷ
1211 3965 1349 4040 Ἀντιόχου
1380 3966 1491 4042 πολέμῳ

322 4054 478 4127 γενόμενοι.
515 4055 655 4111 Holleaux
677 4053 813 4126 (Bulletin
836 4054 872 4110 de
895 4071 1014 4127 corresp.
1033 4056 1134 4112 hellen.
1150 4055 1240 4127 XVII,
1259 4075 1286 4128 p.
1302 4060 1347 4129 68)
1368 4056 1492 4128 Appiani

323 4145 417 4202 verbis
436 4144 607 4201 sententium
626 4161 718 4214 suam,
737 4144 863 4201 Caunum
881 4144 999 4201 Rhodiis
1018 4163 1036 4201 5
1053 4145 1216 4202 Ptolemaeo
1230 4146 1379 4217 Epiphune
1395 4147 1492 4202 datam

324 4250 384 4289 esse
413 4234 595 4305 comprobare
622 4233 724 4304 voluit;
753 4250 809 4303 qua
835 4233 866 4288 in
893 4233 1080 4305 explicatione
1107 4235 1161 4291 hoc
1191 4238 1288 4291 temen
1315 4234 1492 4305 potissimum

327 4323 516 4393 suspicionem
540 4324 647 4393 moret,
676 4323 751 4390 quod
775 4338 824 4378 rex
842 4323 966 4394 Aegypti
991 4325 1027 4380 ab
1045 4323 1176 4395 Appiano
1202 4323 1314 4390 omnino
1339 4341 1396 4380 non
1419 4341 1492 4382 com-

324 4413 501 4467 memoratur.
