3498 5202
732 367 947 432 ..73-

253 527 385 594 brevius
408 526 535 593 absolvi
558 548 625 593 non
646 548 744 613 posse
767 548 925 593 censeam.
964 525 1053 603 Quae
1077 547 1148 592 cum
1172 527 1219 592 ita
1242 528 1317 614 sint,
1339 529 1424 595 hunc

255 635 362 701 locum
386 657 406 699 a
428 633 557 698 Zenone
581 634 721 699 alienum
745 655 815 699 esse
838 634 952 700 iudico.
1315 618 1317 622 ¹

344 740 391 806 At
413 740 531 806 dixerit
553 739 693 805 fortasse
717 740 880 824 quispiam
903 740 989 824 apud
1011 739 1184 824 Polybium
1207 739 1317 810 XXXI
1336 741 1423 825 25,2

256 847 394 913 Zenonis
413 846 550 930 vestigia
573 869 685 912 rursus
709 868 874 932 apparere,
894 848 1012 932 quippe
1036 868 1100 932 quo
1123 847 1196 912 loco
1218 849 1361 913 muneris
1382 849 1423 914 ab

255 955 401 1020 Eumene
424 952 560 1018 Rhodiis
584 953 654 1018 dati
677 952 760 1019 ratio
784 954 1027 1019 accuratissima
1049 953 1219 1020 habeatur.
1265 953 1327 1020 Sed
1351 977 1424 1020 cum

256 1060 331 1125 inde
354 1059 396 1124 ab
416 1081 502 1126 anno
524 1060 587 1126 163
611 1081 771 1145 nusquam
795 1060 875 1125 alibi
896 1065 994 1126 notae
1013 1059 1193 1126 Zenonicae
1212 1061 1426 1149 reperiantur,

256 1165 318 1231 hoc
341 1165 412 1230 loco
427 1164 603 1257 ,Valetouis
628 1163 673 1253 (p.
691 1165 766 1250 215,
790 1166 861 1232 adn.
883 1163 918 1253 1)
943 1166 1138 1231 sententiam
1162 1167 1346 1252 comprobo,
1370 1168 1425 1252 qui

256 1274 336 1338 hoec
359 1293 398 1336 cx
426 1272 589 1338 tabulario
612 1271 812 1338 Rhodiorum
839 1273 958 1337 hausta
986 1294 1058 1338 esse
1092 1273 1257 1358 disseruit3
1292 1296 1425 1359 eamque

258 1379 308 1444 vel
328 1400 366 1444 eo
384 1377 492 1443 fulciri
509 1400 592 1463 reor,
611 1378 697 1464 quod
716 1400 755 1443 ex
773 1401 859 1445 anno
881 1378 944 1445 155
963 1375 1131 1466 quoquel),
1151 1402 1223 1445 cum
1242 1380 1282 1445 de
1296 1380 1424 1446 Zenone

257 1486 323 1550 iam
346 1505 387 1550 ne
410 1486 550 1571 cogitari
573 1485 701 1571 quidem
724 1489 846 1570 potest,
869 1489 979 1551 tamen
1007 1486 1103 1551 index
1126 1486 1244 1572 longus
1267 1487 1426 1553 donorum

258 1595 402 1657 servatus
426 1595 477 1658 est
499 1590 635 1656 Rhodiis
659 1615 679 1657 a
700 1591 833 1678 regibus
858 1592 1041 1658 missorum.
1087 1591 1193 1668 Quare
1222 1593 1272 1658 vel
1302 1593 1363 1659 hoc
1387 1617 1426 1659 ex

260 1702 451 1783 argumento
474 1698 574 1763 etiam
598 1699 680 1764 alias
699 1698 857 1764 eiusmodi
875 1699 1013 1782 tabulas,
1032 1721 1079 1764 ex.
1099 1719 1145 1784 gr.
1164 1697 1233 1765 Pol.
1247 1698 1279 1764 V
1294 1701 1346 1786 88,
1360 1701 1425 1766 4-

259 1806 345 1890 90,2
369 1808 402 1870 et
423 1803 470 1869 IV
490 1804 577 1890 56,3
609 1826 675 1871 non
698 1805 821 1871 Zenoni
853 1805 962 1871 deberi
990 1806 1046 1870 sed
1074 1828 1094 1870 a
1120 1805 1257 1889 Polybio
1284 1806 1358 1890 ipso
1388 1829 1427 1872 ex

257 1914 416 1996 prytaneo
440 1911 565 1978 Rhodio
589 1915 736 1996 sumptas
760 1933 830 1977 esse
854 1911 1022 1978 coniciam.

270 2075 273 2080 .
346 2017 443 2104 Apud
461 2017 636 2103 Polybium
655 2016 766 2083 XXXI
780 2017 823 2083 25
842 2039 909 2082 non
927 2017 1089 2083 Zenonem
1108 2017 1240 2086 subesse
1260 2021 1428 2104 praeterea

259 2124 320 2189 hac
344 2145 382 2189 ex
406 2145 504 2190 causa
527 2127 673 2208 apparet,
696 2122 782 2208 quod
804 2121 925 2188 Rhodii
949 2123 1080 2188 obrem
1106 2124 1358 2191 minutissimam
1382 2149 1428 2191 re·

258 2226 545 2316 prehenduntur²).
580 2228 618 2294 Id
642 2234 749 2294 eutem
768 2250 806 2294 eo
830 2231 935 2314 magis
955 2221 1137 2295 mirandum
1157 2235 1215 2311 est,
1235 2232 1320 2317 quod
1339 2233 1427 2298 bello

258 2335 386 2401 Persico
410 2335 573 2419 permulta
597 2336 697 2401 stulte
719 2336 807 2401 facta
830 2336 876 2400 eis
904 2357 1065 2420 nusquam
1096 2359 1116 2401 a
1137 2335 1278 2421 Polybio
1301 2338 1429 2404 crimini

227 2497 231 2504 .
260 2442 337 2508 data
373 2445 474 2507 erant
527 2443 635 2526 Atque
672 2443 812 2528 scriptor
848 2443 917 2528 ipse
950 2442 1098 2508 conscius
1131 2464 1200 2508 esse
1234 2444 1361 2510 uidetur
1393 2465 1428 2509 sa

260 2571 376 2636 parum
395 2549 459 2614 sibi
477 2552 642 2635 constsr03
665 2550 773 2635 itaque
792 2550 928 2616 hicnon
948 2570 1081 2633 prorsus
1101 2553 1221 2633 aperte,
1238 2551 1293 2616 sed
1313 2550 1428 2615 furtim

260 2660 292 2732 et
327 2654 440 2720 timide
477 2676 533 2720 eos
570 2656 734 2740 vituperat
769 2655 892 2740 (XXXI
911 2652 1027 2743 25,1):
1063 2658 1171 2742 βραχὺ
1199 2657 1427 2743 παρώλισθον.

260 2762 379 2828 Postea
402 2784 457 2827 eos
481 2761 583 2826 multo
608 2761 739 2844 gravius
762 2763 932 2828 incusavit.

348 2868 431 2935 Toto
454 2868 539 2933 libro
563 2867 702 2951 XXXII,
729 2890 793 2953 quo
821 2868 976 2953 temporis
1005 2869 1147 2953 spatium
1175 2870 1250 2936 inde
1278 2870 1318 2935 ab
1344 2893 1428 2937 anno

261 2974 323 3041 161
348 2975 512 3060 usquead
544 2997 664 3041 annum
689 2975 753 3041 155
781 2975 978 3060 continetur,
1002 2975 1134 3041 Rhodus
1163 2977 1263 3042 semel
1291 2981 1429 3063 tantum,

260 3082 365 3148 obiter
386 3083 534 3169 tangitur
557 3079 699 3170 (XXXII
717 3080 748 3164 4,
762 3080 805 3164 3).

348 3187 461 3273 Neque
493 3188 526 3252 in
558 3189 642 3253 libro
672 3187 817 3253 XXXIII
852 3187 1007 3272 reliquias
1040 3187 1216 3254 Zenonicas
1248 3188 1430 3274 indagabis,

262 3315 447 3379 quanquam
469 3293 603 3359 Rhodus
632 3295 761 3379 saepius
791 3297 1076 3379 commemoratur,
1100 3316 1172 3360 cum
1202 3294 1338 3360 Rhodiis
1369 3296 1428 3366 illa

261 3403 367 3466 aetate
386 3400 508 3466 bellum
526 3401 806 3485 perniciossimum
826 3423 897 3466 cum
917 3399 1125 3467 Cretensibus
1144 3401 1250 3467 luerit
1274 3401 1430 3467 Attamen

262 3506 390 3572 Zenone
412 3506 580 3573 deficiente
602 3529 762 3593 nusquam
786 3529 836 3571 res
860 3506 938 3571 illac
957 3507 1073 3572 clarius
1092 3507 1231 3593 perspici
1249 3512 1388 3591 possunt
1406 3506 1430 3595 )

261 3613 363 3680 Paulo
387 3614 516 3679 uberius
540 3636 577 3679 ea
600 3617 783 3680 tractantur
801 3611 945 3678 XXXIII
967 3614 1015 3698 16,
1038 3636 1141 3698 neque
1164 3636 1241 3681 vcro
1265 3614 1363 3680 aliam
1387 3615 1427 3680 ob

260 3742 401 3806 causam,
418 3719 483 3785 nisi
502 3720 578 3805 quia
597 3720 681 3806 apud
697 3720 846 3786 Achaeos
860 3723 956 3806 gesta
974 3720 1049 3806 sint,
1064 3720 1265 3805 Polybioque
1280 3724 1429 3786 auctores

260 3825 385 3893 Achaei
407 3830 539 3912 praesto
562 3823 726 3914 suerius).

349 3932 538 4016 Ubicunque
555 3931 708 4016 Polybius
728 3955 766 3998 ea
785 3933 892 3998 aetate
911 3954 962 4020 res
980 3932 1124 3998 Rhodias
1144 3932 1240 4018 paulo
1260 3933 1429 4000 verbosius

260 4040 438 4124 tractabat,
461 4061 588 4124 semper
611 4061 665 4104 eos
689 4039 838 4106 irrisione
863 4038 1072 4104 acerbissima
1099 4040 1365 4124 persequebatur;
1394 4043 1430 4105 ut

350 4217 376 4284 1)
395 4214 471 4284 apud
489 4213 643 4268 Diodorum
660 4213 751 4267 XXXI
764 4218 811 4281 363
831 4213 865 4267 cf.
885 4213 996 4283 Nissen,
1014 4230 1041 4282 p.
1058 4218 1109 4268 110
1119 4230 1179 4282 sqq.

349 4307 377 4371 2)
396 4301 437 4358 cf.
456 4301 700 4372 Schneiderwirth,
720 4301 818 4357 Gesch.
838 4320 863 4356 v.
883 4301 1005 4372 Rhodos,
1024 4320 1051 4372 p.
1067 4308 1128 4373 233,
1148 4302 1211 4358 adn.
1227 4306 1271 4359 94.

350 4395 378 4462 s)
397 4391 455 4448 Pol.
470 4390 586 4446 mm
600 4397 624 4462 c,
640 4397 668 4460 ⁷3
689 4397 731 4460 rs,
747 4398 776 4460 n;
797 4395 877 4460 rsa.

350 4481 378 4550 4)
397 4477 437 4536 Of.
456 4479 579 4535 Valeton
596 4498 623 4550 p.
639 4485 700 4536 211.
