3498 5202
819 337 1039 402 -36-

432 497 593 562 Zenonem
625 496 763 581 denique
795 496 937 562 nobilem
964 496 1065 562 fuisse
1093 494 1269 580 Rhodium,
1297 496 1383 580 quod
1416 517 1512 580 supra

347 600 392 689 (p.
413 600 471 689 12)
504 603 639 685 conieci,
669 603 730 668 hoe
759 624 885 687 quoqne
912 603 1017 686 eapite
1040 602 1284 687 comprobatur,
1315 624 1388 667 cum
1412 601 1518 668 Hera·'

342 708 445 774 elidas
460 709 540 776 vitio
556 709 658 795 detur,
673 709 749 795 quia
767 708 945 774 humilibus
960 731 1000 773 ex
1013 709 1204 792 parentibus
1219 713 1310 774 ortus
1320 709 1417 796 (XIII
1427 712 1458 796 4,
1466 706 1512 797 4),

340 815 411 899 ipse
434 815 566 881 Tarenti
590 815 718 881 sordido
743 816 891 900 quaestui
915 837 1048 900 operam
1071 815 1195 880 dederit
1219 813 1312 900 (XIII
1330 816 1361 900 4,
1375 816 1420 902 6).

430 920 581 987 (laterum
604 921 733 1006 Polybii
756 920 838 985 XIII
857 921 990 1006 5,1-3
1019 919 1074 1008 (ef.
1097 921 1254 1005 Polyaeni
1278 921 1308 986 V
1329 922 1380 1006 17,
1393 920 1430 1010 2)
1453 922 1511 987 Ze-

341 1029 419 1103 noni
442 1028 552 1094 deberi
574 1027 733 1111 videntur,
756 1048 830 1092 cum
852 1027 1009 1112 Polybius
1032 1029 1101 1112 ipse
1124 1026 1206 1093 XIII
1225 1028 1254 1108 5,
1269 1028 1358 1094 4-6
1382 1027 1420 1093 de
1445 1029 1511 1095 auis

186 1119 188 1122 ⁵
277 1173 279 1178 ·
343 1135 511 1200 addiderit.

430 1241 500 1308 Pol.
519 1241 580 1306 XV
595 1243 647 1324 23,
661 1243 749 1307 2-6
774 1241 843 1307 sine
867 1240 965 1307 dubio
985 1241 1124 1308 Zenonis
1147 1263 1219 1307 ease
1240 1245 1332 1326 puto,
1356 1242 1442 1326 quod
1461 1242 1511 1306 vel

342 1371 380 1414 ex
404 1352 476 1414 tota
500 1347 702 1415 describendi
720 1349 847 1412 ratione
871 1348 1117 1413 accuratissima
1140 1351 1304 1413 auctorem
1327 1347 1394 1412 illis
1414 1348 1509 1412 rebus

341 1457 526 1521 interfuisse
556 1459 652 1539 atque
683 1454 792 1520 omnia
824 1475 933 1519 eoram
961 1454 1081 1520 vidisse
1110 1459 1252 1540 apparet
1299 1453 1345 1518 At
1372 1452 1510 1519 forsitan

345 1562 536 1647 scriptorem
569 1583 635 1626 non
668 1566 736 1626 tam
769 1562 849 1626 bene
882 1565 1047 1627 versatum
1080 1584 1149 1627 esse
1182 1563 1217 1627 in
1245 1561 1341 1626 rebus
1376 1561 1509 1626 Rhodiis

342 1669 490 1753 putabis,
520 1668 606 1752 quod
629 1668 711 1732 dixIt
734 1666 752 1732 ὁ
775 1666 935 1754 πρύτανις
959 1664 1037 1754 (XV
1055 1669 1108 1752 23,
1121 1665 1171 1754 4),
1202 1689 1274 1732 eum
1302 1667 1413 1752 plures
1436 1689 1511 1751 pry-

340 1779 432 1839 tanes
451 1772 561 1839 Rhodi
580 1773 680 1838 fuisse
700 1771 912 1861 6616161611),
937 1779 972 1839 at
990 1775 1072 1839 mihi
1094 1774 1174 1838 illud
1194 1775 1300 1858 ipsum
1319 1773 1512 1839 vocabulum

341 1879 359 1944 ὁ
389 1880 551 1964 πρύτανις
582 1878 740 1964 originem
770 1879 931 1945 Rhodiam
961 1879 1226 1946 manifestissime
1255 1901 1334 1963 prae
1364 1901 1398 1944 ae
1427 1879 1512 1945 ferre

342 1985 482 2050 videtur:
514 2007 629 2070 nempe
664 1990 776 2051 auctor
805 2008 877 2051 eum
906 2009 945 2051 ex
974 1987 1165 2072 prytanibus
1193 1986 1227 2051 in
1258 1987 1366 2051 animo
1388 1986 1513 2072 habuit,

343 2092 398 2176 qui
416 2091 575 2176 praesidis
595 2114 728 2158 munere
747 2093 947 2180 fungeretur.
978 2092 1140 2170 Quoniam
1159 2116 1197 2158 ea
1216 2115 1297 2177 quae
1317 2092 1511 2158 antecedunt

331 2195 419 2284 ¹(XV
438 2200 490 2282 21,
507 2198 625 2284 1-23,
641 2195 676 2285 1)
705 2221 779 2264 cum
807 2200 852 2265 eis
878 2223 959 2286 quae
983 2201 1079 2266 modo
1103 2188 1326 2283 tractavimus,
1349 2191 1515 2264 artissime*

345 2304 527 2388 cohaerent,
550 2305 630 2370 haec
653 2327 781 2390 quoque
805 2305 967 2372 Zenonioa
989 2328 1059 2372 esse
1083 2307 1239 2372 videntur.

672 2520 701 2584 6.
736 2529 785 2584 De
808 2527 896 2584 libro
920 2528 1054 2585 decimo
1077 2532 1185 2586 sexto.

298 2742 302 2748 Ι
434 2660 506 2727 Η66
529 2661 614 2727 libro
638 2661 795 2744 Polybius
819 2661 857 2725 de
877 2661 1005 2726 Zenone
1028 2662 1181 2728 iudicium
1204 2661 1296 2746 tulit3
1321 2684 1419 2747 quam
1441 2684 1511 2728 cen-

343 2789 451 2833 suram
470 2769 535 2832 iam
554 2788 651 2850 supra
666 2763 711 2852 (p.
725 2767 766 2831 14
776 2762 838 2852 sq.)
853 2767 1060 2832 absolvimus.
1084 2767 1206 2833 Multas
1221 2771 1328 2833 autem
1343 2767 1510 2853 scriptoris

270 2954 273 2960 Ι
342 2872 461 2939 Rhodii
484 2873 638 2957 reliquias
661 2870 723 2936 hoe
746 2872 818 2956 ipso
841 2872 925 2937 libro
947 2873 1123 2939 inventum
1139 2873 1180 2938 iri
1201 2897 1260 2959 per
1283 2897 1316 2939 se
1339 2875 1509 2960 probabile

343 2984 400 3044 est.
446 2979 517 3068 Iam
553 2977 682 3043 initium
720 2979 886 3062 capiamus
920 3002 939 3043 a
969 3000 1082 3064 pugna
1116 2981 1157 3045 ad
1190 2978 1306 3046 Chium
1339 2981 1511 3067 commissa

342 3083 441 3173 (anno
465 3081 561 3171 201),
591 3105 654 3168 qua
677 3084 848 3169 Philippus
879 3107 934 3150 rex
964 3109 983 3150 a
1006 3085 1142 3152 Rhodiis
1173 3090 1206 3151 et
1230 3088 1344 3153 Attalo
1368 3088 1510 3153 devictus

343 3202 392 3259 cst
414 3192 509 3281 (XVI
528 3190 639 3278 2-9).
916 3195 918 3200 ’

430 3299 539 3385 Atque
569 3301 711 3383 primum
742 3300 870 3384 quidem
901 3299 1073 3383 descriptio
1101 3322 1232 3386 pugnae
1259 3300 1344 3365 inter
1366 3300 1510 3367 Rhodios

342 3411 374 3473 et
396 3405 587 3491 Philippum
609 3406 714 3471 factae
738 3428 777 3471 ex
800 3405 938 3472 Zenonis
966 3406 1052 3470 libro
1080 3405 1272 3492 deprompta
1295 3411 1345 3472 est
1368 3407 1511 3494 <XV14‚

431 3565 458 3631 1)
475 3562 573 3616 Plures
592 3563 725 3631 prytanea
745 3559 829 3615 simul
847 3577 960 3616 munere
979 3561 1090 3617 functos
1109 3578 1170 3617 asse
1190 3563 1259 3617 satis
1284 3565 1410 3632 constat3
1435 3563 1509 3631 qnod

343 3652 372 3705 et
390 3666 425 3704 ex
442 3666 535 3704 rerum
554 3647 737 3718 scriptoribus
756 3636 905 3719 (Pol.inII
919 3655 943 3720 5,
959 3657 987 3718 1,
1006 3651 1097 3706 XXIX
1113 3656 1154 3722 10,
1168 3657 1198 3722 4,
1217 3651 1298 3706 Diod.
1314 3652 1365 3706 XX
1379 3658 1421 3722 98,
1438 3655 1463 3722 7)
1481 3653 1511 3706 at
1584 3660 1587 3668 ’

344 3754 379 3793 ex
396 3737 489 3793 titulis
517 3737 734 3808 (Oth.49,12;
767 3738 947 3808 Mnemosyne
975 3739 996 3809 1,
1015 3758 1041 3808 p.
1057 3744 1099 3810 81,
1118 3757 1144 3795 v.
1160 3746 1207 3808 91,
1239 3740 1457 3795 Denkschriften
1482 3740 1509 3794 d.

342 3826 456 3882 kaiserl.
474 3826 565 3882 Akad.
594 3827 621 3882 d.
639 3826 684 3882 W.
712 3845 747 3883 au
774 3827 858 3883 Wien
884 3827 939 3883 vol.
954 3834 1002 3897 44,
1029 3827 1069 3886 VI
1096 3847 1122 3898 p.
1140 3833 1190 3883 109
1206 3831 1277 3898 sqq.)
1306 3831 1432 3900 apparet.
1467 3827 1509 3882 De

340 3931 456 3970 numero
484 3917 634 3985 prytenum
658 3915 743 3971 multi
764 3916 819 3972 viri
842 3915 919 3972 docti
941 3918 1072 3987 egerunt3
1100 3917 1201 3972 ceteris
1224 3916 1431 3987 praetermissis
1458 3917 1510 3970 hos

339 4005 465 4060 nomino:
493 4004 574 4075 Ross,
602 4006 686 4061 Insor.
713 4005 788 4061 inad.
811 4005 866 4074 ΙΠ,
893 4023 920 4060 n.
936 4010 1000 4075 2753
1021 4005 1130 4075 ‘Itoehl‚
1159 4005 1233 4061 Mitt.
1262 4023 1287 4062 a.
1315 4006 1381 4061 Ath.
1402 4006 1509 4072 112263

343 4093 544 4163 Schamacher‚
572 4096 613 4149 De
640 4111 670 4149 re
697 4093 812 4164 publica
830 4093 1011 4165 Rhodiorum,
1029 4112 1056 4164 p.
1071 4101 1119 4164 46,
1147 4094 1355 4165 Mendelssohn,
1373 4094 1470 4149 Jahrb.
1488 4093 1508 4149 f.

278 4177 282 4184 ’
344 4181 447 4238 Philol.
469 4187 546 4251 1891,
565 4200 592 4252 p.
608 4188 673 4255 346,
692 4183 755 4238 adn.
771 4189 801 4253 3,
819 4183 964 4254 Wilhelm,
982 4183 1200 4239 Denkschriften
1219 4182 1269 4238 der
1286 4183 1401 4238 Wiener
1418 4180 1510 4237 Akad.

345 4271 372 4326 d.
390 4271 436 4327 W.
454 4273 509 4328 vol.
524 4277 567 4341 44,
586 4271 625 4326 VI
642 4291 669 4342 p.
686 4277 736 4327 109
748 4289 807 4341 sqq.
846 4275 938 4342 Atque
966 4272 1019 4327 hoc
1047 4272 1161 4341 quidem
1185 4274 1292 4328 eertum
1315 4287 1376 4326 esse
1398 4271 1511 4326 videtur

344 4360 464 4431 collegia
492 4377 622 4416 senorum
649 4363 799 4431 prytanum
826 4378 876 4430 per
903 4377 984 4417 senos
1011 4377 1121 4416 menses
1153 4360 1352 4432 magistratum
1379 4361 1509 4430 gessisse,
1588 4397 1591 4402 ,

342 4466 428 4503 unum
447 4452 543 4505 autem
562 4467 596 4505 ex
615 4449 659 4504 hia
673 4448 837 4518 'praesidem
855 4450 949 4524 fuisse.
