3498 5202
710 367 931 433 ‚59-

236 526 281 615 (p.
300 527 375 613 215,
399 527 469 593 adn.
490 525 525 615 1)
553 550 609 594 eae
632 528 793 594 notabiles
821 535 895 594 esse
916 527 1200 614 videbantur,.qui
1230 529 1403 596 secundum

236 658 360 703 morem
380 657 474 700 suum
494 634 621 702 Zenone
639 638 748 720 spreto
773 636 883 701 omnia
905 635 1005 702 nullis
1025 635 1166 721 exceptis
1191 659 1229 703 ex
1246 641 1404 722 prytaneo

237 743 439 810 Rhodiorum
464 741 634 829 desumpta
658 763 727 807 esse
747 742 859 809 voluit.
895 742 1036 808 Tantum
1056 742 1159 823 abest,
1177 746 1214 809 ut
1231 742 1405 829 Polybium

236 854 395 936 prytaneo
404 871 500 915 usum
511 870 581 914 esse
596 869 721 935 negem,
729 853 767 914 ut
780 848 947 914 nonnullis
961 849 1041 916 locis
1056 849 1119 915 hoc
1133 850 1200 916 veri
1215 849 1320 916 simile
1334 871 1405 915 esse

236 959 302 1023 iam
316 979 415 1041 supra
428 955 714 1022 demonstraverim
721 952 756 1042 1).
779 956 915 1021 Minime
930 977 1005 1022 vero
1021 957 1245 1022 auctoritatem
1267 957 1405 1043 scripto-

236 1064 281 1130 ris
305 1063 502 1129 labefactare
525 1062 605 1127 mihi
628 1063 739 1128 videor
763 1063 896 1128 dicendo
920 1064 954 1128 in
977 1063 1165 1128 universum
1184 1063 1324 1129 Zenonis
1347 1085 1405 1148 po·

236 1171 400 1237 tissimum
421 1169 564 1236 historia
586 1191 661 1235 eum
684 1191 779 1235 usum
803 1191 881 1253 esse,
905 1169 1098 1254 pracsertim
1121 1191 1194 1234 cum
1216 1191 1288 1237 eam
1311 1168 1406 1235 laude

237 1279 368 1364 dignam
393 1298 463 1343 esse
486 1276 694 1342 existimaret.
727 1275 875 1360 Denique
898 1276 986 1342 baud
1005 1278 1082 1361 scio,
1101 1298 1143 1341 an
1165 1275 1200 1341 in
1222 1277 1406 1362 legatorum

236 1383 533 1451 renuntiationibus
556 1405 624 1449 non
642 1383 752 1450 omnia
773 1384 856 1449 haec
878 1383 1007 1468 fuerint,
1025 1404 1109 1468 quae
1128 1383 1215 1467 apud
1233 1383 1405 1468 Polybium

237 1492 395 1577 legantur.
432 1490 548 1576 Itaque
571 1493 685 1556 contra
701 1490 896 1557 Valebonem
920 1490 1109 1576 saepissime
1132 1489 1309 1555 aZenonis
1332 1509 1405 1573 par·

237 1598 325 1663 tibus
349 1618 401 1662 me
424 1600 513 1662 stare
536 1597 675 1663 libenter
698 1597 863 1663 confiteor.
908 1595 1021 1682 Neque
1045 1618 1121 1662 vero
1146 1595 1283 1661 Zenonis
1307 1595 1406 1661 verba

211 1783 214 1788 y
238 1727 320 1789 pura
337 1702 494 1788 Polybius
513 1703 649 1769 iterasse
668 1704 749 1770 satis
766 1704 893 1789 habuit,
912 1704 969 1770 aed
986 1724 1046 1769 sua
1064 1702 1167 1788 ipsius
1186 1701 1323 1786 addidit3
1342 1723 1406 1786 qua

238 1813 272 1877 in
304 1833 338 1876 re
370 1811 518 1897 interest,
550 1814 659 1876 utrum
688 1810 795 1877 Rhodi
826 1811 894 1876 hist
879 1811 965 1877 toria
991 1832 1050 1896 per
1081 1831 1116 1877 se
1148 1810 1219 1876 sola
1247 1812 1367 1875 tractet
1352 1814 1406 1875 tur

239 1915 427 2006 (Ροδιααί),
450 1940 491 1982 an
513 1918 652 1984 facultat
652 1917 802 1983 edeta
791 1941 826 1983 1n
848 1917 988 1983 historia
1010 1917 1148 1983 aliarum
1170 1921 1339 2002 terrarum,
1358 1938 1406 1982 ex.

238 2046 285 2112 gr
303 2023 421 2090 Italiae
441 2020 623 2112 (Ἰταλικοὶ),
642 2025 874 2092 conscribenda
896 2023 1017 2089 Rhodii
1040 2023 1407 2110 commemorentur31n

238 2132 290 2198 his
312 2131 460 2216 partibus
483 2131 571 2197 enim
594 2132 733 2198 Zenonis
756 2132 897 2217 vestigia
923 2131 1026 2196 multo
1055 2130 1277 2197 difficiliust
1243 2135 1277 2196 et
1302 2131 1406 2196 rarius

238 2238 497 2306 animadvertunt
483 2242 536 2304 tur
559 2260 656 2323 quam
678 2239 713 2304 in
736 2238 814 2305 illis.

327 2344 438 2411 Livius
461 2366 558 2431 porro
581 2345 643 2411 hac
667 2350 774 2411 aetate
797 2344 836 2411 de
859 2344 975 2410 Rhodo
1000 2344 1081 2410 duos
1104 2343 1211 2410 fontes
1236 2315 1409 2429 exscripsit

239 2453 555 2519 diversissimos&
522 2455 555 2518 et
585 2452 759 2537 Polybium
791 2457 825 2518 et
810 2453 997 2518 t.annales
1043 2451 1132 2529 Quae
1165 2472 1205 2516 ex
1237 2450 1407 2516 annalibus

239 2559 395 2645 hauserit,
413 2560 453 2625 ad
472 2582 532 2626 nos
556 2560 625 2625 fere
648 2559 694 2624 nil
714 2559 867 2644 attinent3
890 2579 995 2644 neque
1014 2579 1052 2623 ea
1071 2580 1090 2623 a
1108 2556 1240 2641 Polybii
1260 2556 1406 2642 reliquiis

240 2686 411 2752 segregare
434 2665 563 2732 difficile
587 2669 645 2752 est,
664 2687 737 2731 cum
757 2665 845 2732 vitiis
869 2665 1033 2730 abundent
1051 2667 1084 2729 ct
1102 2664 1244 2729 auctoris
1263 2664 1407 2730 animum

238 2772 377 2838 Rhodiis
400 2773 656 2839 infensissimum
678 2795 756 2858 prae
779 2794 814 2837 sc
837 2772 954 2840 ferant.

328 2879 424 2966 Apud
451 2880 626 2965 Polybium
654 2883 763 2946 autem
790 2879 932 2965 primum
959 2878 1090 2964 quidem
1122 2877 1206 2943 mma
1240 2877 1408 2943 nominum

238 2986 439 3053 Rhodiorum
463 2988 558 3073 copia
581 2990 693 3052 auctor
715 2985 863 3052 Rhodius
886 2986 1063 3051 indicatur:

328 3094 398 3160 Pol.
416 3092 543 3159 XXVII
561 3093 591 3176 3,
605 3090 654 3159 32*
672 3089 926 3180 nyesrsoyon).
973 3093 1002 3176 7,
1016 3093 1051 3158 2:
1081 3088 1332 3176 Στρατοκλέους
1354 3089 1409 3178 (cl.

242 3203 270 3285 7,
286 3197 352 3288 13).
377 3202 405 3285 7,
420 3203 456 3268 3:
472 3198 702 3284 Ἀναθοίγητον
720 3197 775 3265 καὶ
790 3197 1001 3284 Ῥοδοφῶντα
1018 3195 1073 3264 καὶ
1089 3192 1305 3282 Ἀστυμοῇδην.
1330 3199 1360 3280 7,
1373 3199 1406 3263 4:

240 3309 395 3372 Δείνωνα
402 3304 429 3393 ³)
442 3304 497 3372 καὶ
511 3305 733 3392 Ποίαάρατον
747 3304 801 3390 (cf.
818 3308 846 3389 7,
863 3303 929 3391 12).
954 3305 1055 3390 7,14:
1084 3305 1283 3388 Τιμαγόραν.
1308 3304 1359 3386 14,
1373 3305 1408 3370 2:

243 3415 438 3499 Φιλόφρονα
451 3411 507 3479 καὶ
521 3415 701 3497 Θεαίτητον
706 3409 734 3500 ⁴)
742 3414 944 3478 -Λείνωνα
957 3408 1012 3477 καὶ
1023 3410 1252 3496 Πολυάρατον.
1266 3410 1410 3477 XXVIII

241 3522 320 3606 2,1=
340 3515 553 3607 Ἀγησίλοχος
574 3517 629 3586 καὶ
652 3517 877 3606 Νικαγόραςῡ)
900 3517 957 3584 καὶ
980 3518 1182 3602 Νίκανδρος.
1215 3519 1245 3602 2,
1258 3519 1295 3583 3:
1314 3515 1410 3601 Ἀγα-

239 3628 391 3713 etymon
412 3625 467 3693 καὶ
488 3629 686 3713 Φιίόφρονα
708 3624 764 3692 καὶ
778 3624 989 3709 Ῥοδοφῶντα
1010 3623 1265 3708 soloecismos
1280 3660 1319 3674 -
1335 3627 1410 3690 Δεί-

240 3757 333 3800 νωνα
355 3731 411 3800 καὶ
435 3734 664 3819 Ποίνάρατον.
712 3735 764 3820 16,
778 3733 813 3799 5:
835 3731 1051 3817 Ἀγησίίοχος
1067 3729 1283 3817 Ἡνησίουῦ,
1307 3734 1409 3796 Νικα-

240 3842 351 3926 γόρας,
371 3841 564 3926 Νίκανδρος
582 3838 636 3927 (cf.
655 3837 746 3927 2,1).
770 3840 822 3924 16,
836 3839 870 3905 6:
890 3832 1058 3923 Ἀγέντολις
1078 3831 1238 3923 Ἀρίστων
1257 3837 1410 3922 Παγκρά-

330 4049 589 4122 1)P011‚·vccs
608 4049 757 4120 vsa-c
760 4054 842 4120 aaa

329 4144 356 4213 2)
375 4141 416 4198 ef.
435 4140 620 4211 appendicem
640 4147 686 4196 la.

329 4232 357 4301 3)
375 4229 416 4286 Of
436 4228 621 4300 appendicem
642 4228 690 4285 ld.

328 4319 356 4387 4)
376 4315 417 4373 cf.
437 4315 680 4388 appendicemli

331 4405 412 4476 5)OE
411 4404 622 4475 appendicem
642 4412 689 4475 lg.

332 4492 690 4564 6)Of.appendicem1a.
