3498 5202
703 353 923 419 ...63-

179 534 181 538 ·
228 516 356 582 Livium
370 514 574 580 Rhodiorum
592 534 658 578 non
679 534 824 578 seorsum
843 515 927 579 ratio
946 513 994 598 fit,
1009 514 1065 578 sed
1084 512 1181 578 simul
1199 535 1273 579 cum
1287 514 1398 580 multis

126 698 131 705 ι
229 621 302 686 aliis
326 621 422 687 sociis
446 622 685 685 enumerantur.

317 725 406 803 Quae
429 748 502 791 cum
524 727 572 791 ita
596 725 674 811 sint,
697 726 778 791 duos
801 725 876 791 illos
899 724 1003 805 locos,
1031 729 1064 790 et
1087 725 1156 792 Pol.
1174 726 1340 792 XXVIII
1365 731 1399 793 et

227 833 295 900 niv.
314 831 406 898 XLII
425 832 512 918 56,6
551 833 677 916 origine
714 831 843 897 diversa
880 853 950 897 esse
988 838 1125 917 oportet.
1171 831 1285 919 Neque
1321 855 1399 899 vero

228 940 357 1006 Livium
390 961 429 1005 ex
462 939 634 1005 annalibus
668 938 876 1024 descripsisse
903 939 960 1005 'vel
992 939 1067 1004 inde
1100 940 1309 1006 manifestum
1341 945 1400 1025 est,

229 1046 314 1132 quod
338 1045 504 1112 annalium
527 1045 702 1133 scriptores
725 1046 787 1112 hoc
806 1049 893 1111 certe
916 1068 1030 1112 curare
1052 1067 1120 1111 non
1143 1047 1301 1131 solebant,
1320 1051 1401 1131 quot

229 1176 327 1219 naves
351 1153 498 1239 singulae
526 1152 674 1218 civitates
699 1151 842 1218 Graecae
865 1151 1023 1218 Romanis
1052 1151 1233 1238 misissent3
1259 1153 1323 1218 huc
1352 1175 1401 1219 ac·

229 1260 315 1326 cedit
338 1258 423 1345 quod
447 1258 565 1325 Nissen
588 1263 695 1324 totum
719 1259 841 1324 bellum
865 1280 938 1324 cum
961 1259 1079 1324 Perseo
1110 1263 1238 1344 gestum
1263 1282 1283 1324 a
1305 1258 1400 1325 Livio

229 1387 268 1431 ex
300 1365 440 1450 Polybio
478 1369 644 1450 sumptum
676 1387 747 1431 esse
780 1365 1028 1452 demonstravit3
1061 1366 1170 1450 itaque
1202 1367 1299 1431 etiam
1332 1365 1400 1430 Liv.

228 1471 320 1538 XLII
339 1471 426 1554 56,6
454 1471 591 1557 Polybio
626 1471 833 1538 attribuenda
861 1476 946 1537 sunt
991 1471 1063 1537 Hoc
1091 1476 1200 1538 tamen
1229 1471 1401 1537 discrimen

228 1583 280 1644 est
302 1579 390 1643 inter
413 1578 521 1644 locum
544 1581 729 1664 utrumque:
753 1600 826 1644 cum
848 1578 1004 1662 Polybius
1028 1581 1125 1644 autea
1144 1577 1284 1663 (XXVII
1303 1574 1338 1666 7)
1362 1579 1400 1644 de

228 1683 337 1750 Rhodi
359 1684 485 1750 insulae
505 1685 602 1750 rebus
626 1686 729 1770 egerit
747 1679 941 1772 (Ῥοδιακοὶ),
965 1685 1063 1750 verba
1081 1682 1220 1749 Liviana
1243 1685 1349 1750 media
1368 1686 1401 1750 in

229 1791 307 1857 belli
316 1791 447 1866 rPersici
466 1791 683 1876 descriptione
698 1795 784 1857 sunt.
819 1791 889 1857 Hoc
908 1813 997 1857 more
1012 1792 1168 1857 materiae
1182 1791 1402 1876 disponendae

229 1921 265 1964 se
295 1920 525 1983 nonnunquam
567 1899 667 1965 etiam
708 1897 853 1964 ordinem
886 1903 1069 1984 temporum
1103 1898 1295 1983 perturbare
1328 1899 1401 1984 cogi

231 2003 386 2089 Polybius
408 2004 479 2089 ipse
508 2006 669 2071 concessit
693 2003 851 2092 (XXVIII
871 2006 922 2089 16,
936 2003 1070 2092 9-11).
1116 2004 1223 2082 Quare
1250 1999 1284 2069 in
1311 2005 1401 2071 Rho-

233 2111 331 2177 diacis
360 2110 534 2196 Polybium
566 2112 714 2199 inprimis
747 2133 787 2176 ex
814 2111 955 2190 Zenone,
985 2112 1020 2176 in
1051 2113 1122 2195 ipso
1154 2113 1242 2178 bello
1268 2111 1400 2179 Persico

230 2216 460 2283 conscribendo
495 2239 535 2283 ex
568 2219 640 2284 aliis
672 2217 887 2302 scriptoribus
919 2218 1126 2302 potissimum
1158 2217 1300 2284 fructum
1328 2241 1400 2305 per-

229 2323 352 2408 cepisse
375 2345 499 2390 censeo.

318 2429 350 2518 f)
374 2429 488 2515 Neque
511 2431 577 2496 iam
600 2430 770 2497 miraberis
794 2430 967 2516 Polybium
989 2430 1134 2497 XXVIII
1153 2433 1174 2497 2
1201 2433 1321 2517 partim
1349 2455 1399 2498 ea-

229 2535 302 2601 dem
325 2559 475 2603 narrasse
499 2541 595 2622 atquo
618 2536 763 2603 XXVIII
783 2539 928 2621 16-173
955 2537 1025 2622 ipse
1049 2559 1176 2623 quoque
1204 2538 1287 2604 banc
1311 2561 1399 2624 repe-

191 2622 197 2636 ·
229 2643 378 2708 titionem
403 2642 580 2709 declaravit
598 2642 756 2731 (XXVIII
772 2645 823 2729 16,
837 2641 971 2731 9-11).
1004 2643 1196 2730 Quanquam
1220 2645 1400 2712 XXVIII2

230 2750 265 2813 in
287 2747 412 2815 Italicis
436 2754 512 2830 erat,
531 2754 641 2816 tamen
658 2750 833 2836 Polybium
852 2751 992 2817 Zenonis
1015 2752 1168 2818 notitiam
1191 2753 1343 2818 habuisse
1362 2775 1400 2818 ex

230 2859 380 2922 accurata
407 2858 649 2923 enumeratione
681 2858 867 2943 principum
899 2858 1041 2924 civitatis
1072 2854 1230 2943 (XXVIII
1248 2860 1279 2944 2,
1293 2854 1329 2946 3)
1353 2881 1400 2925 se·

228 2963 348 3047 quitur.
393 2963 537 3031 XXVIII
559 2965 687 3031 16-17
717 2967 832 3030 contra
859 2964 1025 3031 Rhodiaca
1052 2969 1245 3032 tractantur.
1290 2965 1401 3050 Atque

229 3068 283 3135 hic
311 3071 438 3155 quidem
464 3072 611 3138 notabile
638 3071 807 3137 videbatur
835 3071 1022 3157 Polybium,
1049 3072 1129 3138 alibi
1157 3074 1237 3139 satis
1269 3073 1399 3157 inopem

229 3177 416 3257 verborum,
441 3177 497 3242 hic
522 3177 610 3242 haud
637 3199 772 3262 parvam
801 3178 1035 3244 vocabulorum
1063 3178 1190 3263 copiam
1218 3201 1401 3263 usurpasse,

229 3303 312 3365 quae
340 3283 426 3367 apud
454 3305 527 3348 eum
553 3304 714 3367 nusquam
741 3283 860 3348 iterum
887 3283 1111 3350 inveniuntur:
1137 3282 1280 3350 XXVIII
1300 3285 1352 3368 16,
1365 3285 1400 3350 5:

228 3397 369 3470 κροτεῖν.
416 3389 515 3474 17,8;
543 3388 755 3474 προνύσσειν.
803 3391 854 3475 17,
869 3390 903 3454 8:
926 3391 1067 3476 μεσίτης.
1116 3390 1237 3471 17,12:
1260 3393 1400 3474 κινηταί.

230 3491 323 3569 Quod
346 3494 431 3559 idem
454 3495 554 3562 etiam
574 3496 647 3562 aliis
671 3496 750 3561 locis
770 3497 810 3562 ad
829 3496 981 3562 Rhodum
1000 3497 1238 3582 pertinentibus
1258 3499 1400 3563 animad-

231 3603 355 3667 vertere
377 3601 467 3687 licet3
491 3624 538 3666 ex.
553 3622 600 3688 gr.
620 3602 689 3668 Pol.
708 3601 789 3668 XIII
803 3605 835 3687 4,
849 3604 884 3669 5:
907 3605 1089 3681 κολακικός.
1112 3603 1190 3689 5,1:
1213 3602 1400 3688 ἐγκάθετος.

229 3706 292 3772 XV
306 3708 359 3792 22,
375 3711 408 3773 1:
431 3706 655 3794 ἀλλοτριᾶζειν
668 3705 718 3796 (iu
734 3708 1034 3796 Schweighaeuseri
1048 3711 1150 3776 lexico
1165 3707 1279 3797 deest).
1302 3710 1400 3796 22,1:

230 3813 368 3900 εὐπορία
392 3812 508 3902 (Item).
540 3817 592 3894 23,
610 3817 665 3881 10:
689 3817 875 3882 οἰκόπεδον.
907 3816 986 3882 XVI
1007 3819 1035 3899 1,
1050 3818 1084 3883 6:
1107 3816 1144 3881 rb
1168 3817 1269 3894 ἄλσος
1287 3814 1329 3903 (d.
1349 3841 1399 3903 ap.

231 3917 361 4007 Sena).
386 3921 415 4005 1,
430 3923 464 3987 6:
488 3920 719 3988 dvucuctrcraw.
761 3924 827 4008 2,8
852 3928 885 3988 et
908 3924 986 4007 6,1:
1009 3925 1115 4008 αηοίς.
1155 3924 1220 4009 3,2
1244 3929 1277 3988 et
1298 3925 1400 4006 4,12:

230 4025 366 4110 ὕφαλος.
399 4029 429 4112 3,
444 4029 477 4095 8:
501 4027 704 4114 ἀνάσιειρος.
738 4031 768 4115 3,
785 4030 838 4095 12:
858 4038 1057 4115 πυργοῦχος.
1087 4031 1189 4109 414:
1207 4030 1399 4114 παρααύροι.

131 4193 134 4198 Α
230 4131 261 4212 5,
277 4136 311 4199 1:
333 4146 546 4222 τριηραρχεῖν
570 4132 684 4224 (etiam
707 4136 746 4200 de
769 4136 991 4221 quinqueremi
1014 4134 1177 4225 diutuml).
1219 4137 1269 4221 10,
1287 4139 1318 4202 1:
1341 4160 1399 4221 μα-

230 4238 355 4322 νιώδης
377 4237 420 4325 (d.
444 4263 495 4325 ap.
519 4238 646 4327 Scbw.).
681 4243 732 4326 11,
747 4243 781 4307 3:
804 4242 973 4326 πετρώδης
997 4241 1041 4330 (d
1065 4265 1114 4328 ap.
1138 4238 1265 4328 Saba).
1300 4242 1350 4328 15,
1364 4243 1399 4310 4:

230 4344 411 4430 ἀπουροῦν.
457 4347 535 4413 XXI
555 4350 584 4428 7,
600 4352 632 4415 1:
653 4351 772 4435 κηρός.
818 4349 911 4414 XXV
930 4351 961 4433 4,
980 4351 1015 4416 8:
1042 4352 1274 4435 νυμφαγωγία.
1320 4349 1350 4434 4,
1364 4350 1399 4414 9:

231 4450 483 4537 ἀναπειρᾶσθαι.
516 4455 547 4542 4,
563 4456 618 4522 10:
642 4458 779 4540 στελγίς.
803 4457 904 4542 4,10:
932 4462 1240 4542 αυμφαγωγεῖσθαι.
1272 4455 1398 4522 XXVII
