3498 5202
648 366 957 430 ·-65—

189 536 193 541 '
265 529 350 614 quod
384 528 495 593 dicunt
528 525 584 591 ‘de
616 524 750 592 conatu’
781 525 957 612 genuinum
989 545 1059 590 esse
1072 529 1076 538 ’
1091 527 1183 588 ratus
1216 524 1328 588 ἔπειθε
1358 543 1431 605 pro·

264 635 386 720 posuit;
414 635 512 698 etiam
542 633 606 698 alio
636 633 708 698 loco
738 631 918 716 Polybiano
943 628 1006 718 (IV
1025 631 1077 716 64,
1091 627 1127 716 2)
1156 631 1293 695 ἔπειθον
1321 628 1433 693 eadem

265 740 500 826 significatione
523 740 588 824 legi
610 760 676 804 non
699 759 797 824 nego,
821 742 853 803 et
875 735 1050 824 Hultsch¹)
1082 736 1237 822 exemplis
1261 734 1432 801 luculentis

263 846 416 931 probavit
447 845 671 930 imperfectum
699 846 738 910 de
766 849 883 910 conatu
912 844 996 928 apud
1025 843 1197 927 Polybium
1226 843 1353 927 saepius
1382 863 1433 905 ex·

264 955 342 1017 tare.
362 949 581 1016 Nihilominus
597 955 629 1016 et
638 950 788 1034 Hultsch,
799 952 884 1016 sieut
897 953 963 1016 iam
977 949 1102 1036 pridem
1114 944 1433 1035 Schweighaeuser)

265 1061 299 1122 et
321 1056 441 1123 Nissen
466 1053 513 1144 (p.
534 1056 603 1146 16),
632 1057 747 1142 quibus
776 1078 837 1142 ego
866 1079 992 1143 quoque
1021 1056 1195 1140 assentior,
1219 1077 1360 1120 errorem
1387 1055 1435 1118 ita

266 1167 373 1230 ortum
406 1186 476 1229 esse
507 1168 654 1247 censent,
676 1167 713 1228 ut
746 1167 914 1248 excerptor
945 1166 1071 1229 textum
1093 1161 1311 1247 Polybianum
1337 1160 1434 1226 nimis

265 1270 484 1336 contrahendo
509 1269 623 1335 vitium
646 1270 800 1336 intulerit.

353 1395 418 1460 Res
442 1395 545 1482 ipsas,
569 1394 730 1480 quomodo
754 1416 787 1460 se
810 1395 998 1481 habuerint,
1021 1417 1059 1459 ex
1083 1395 1187 1459 altero
1210 1395 1296 1473 loco,
1319 1393 1374 1478 qui
1397 1414 1436 1456 ex

265 1501 457 1567 Rhodiacis'
475 1505 538 1586 est,
571 1521 746 1585 cognosces
779 1498 863 1588 (Pol.
881 1499 991 1565 XXIX
1014 1497 1169 1587 10—11).
1213 1499 1263 1564 Ac
1295 1499 1436 1584 primum

267 1609 396 1698 quidem
408 1607 525 1673 horum
540 1611 763 1692 excerptorum
779 1607 923 1673 ordinem
936 1607 1024 1673 hunc
1038 1629 1110 1673 esse
1124 1629 1252 1673 censeo:
1273 1602 1309 1692 a)
1324 1604 1435 1670 XXIX

269 1715 324 1779 11:
347 1713 472 1798 Regum
491 1714 593 1800 legati
611 1714 763 1780 Rhodum
786 1714 932 1782 veniunt.
955 1713 1019 1780 Res
1041 1714 1076 1779 in
1101 1719 1216 1778 senatu
1235 1716 1376 1778 tractate
1396 1710 1437 1775 ad

267 1820 422 1905 populum
446 1820 598 1886 defertur.
629 1819 872 1906 Populiscitum.
907 1819 942 1906 β)
967 1819 1077 1885 XXIX
1098 1822 1152 1886 10:
1174 1819 1271 1884 huius
1295 1818 1437 1903 excerpti

257 1927 397 1992 ‚initium
416 1923 599 2014 (10,1-3)
618 1928 738 2012 partim
759 1927 868 1991 eadem
888 1928 1033 1992 continet
1047 1949 1129 2011 quae
1147 1927 1247 1993 etiam
1260 1925 1370 1990 XXIX
1387 1926 1438 1990 11.

267 2032 390 2099 Deinde
422 2056 507 2099 nova
540 2034 698 2119 quaedam
731 2034 891 2100 adduntur
914 2030 982 2119 (10,
996 2032 1113 2122 4-7)’;
1141 2038 1294 2119 prytanea
1319 2055 1358 2099 ex
1380 2055 1435 2118 po·

267 2141 420 2225 pulisoito
443 2140 622 2226 provident,
645 2162 727 2225 quae
750 2144 880 2224 tempus
904 2145 1043 2206 moneat.

356 2264 467 2331 Verba
489 2266 569 2330 haec
593 2263 661 2349 (10,
676 2261 723 2351 2);
762 2265 807 2342 ὡς
834 2264 870 2330 ἐν
893 2273 938 2352 τῷ
962 2262 1038 2348 περὶ
1062 2265 1267 2351 δημηγορίας
1289 2263 1437 2331 τέθειται

267 2392 334 2437 non
352 2370 481 2455 Polybii
500 2372 556 2436 sed
574 2371 773 2456 excerptoris
793 2393 863 2436 csse
882 2373 948 2436 iam
967 2369 1120 2456 Reislre³)
1139 2372 1314 2456 perspexit.
1343 2357 1437 2436 Unde

269 2477 457 2543 concludere
476 2477 562 2561 licet,
580 2477 749 2560 Polybium
769 2477 877 2561 ipsum
896 2478 936 2543 dc
955 2478 1105 2543 contione
1120 2476 1324 2543 Rhodiorum
1342 2477 1438 2564 plura

269 2584 395 2669 dixisse,
419 2607 516 2670 quam
539 2584 644 2650 adhuc
667 2583 702 2648 in
725 2585 882 2668 excerptis
905 2585 1067 2669 leguntur.
1097 2584 1228 2649 ¹Tamen
1253 2584 1353 2650 etiam
1375 2584 1438 2668 hic,

270 2712 333 2776 quo
357 2691 465 2756 ordine
488 2712 539 2755 res
562 2689 670 2754 Rhodi
699 2690 919 2755 administrari
943 2690 1060 2756 solitae
1088 2691 1166 2775 sint,
1195 2691 1435 2777 cognoscimus3
1474 2763 1484 2788 ι

270 2797 356 2883 quod
380 2796 517 2883 singulis
541 2797 762 2862 demonstrare
785 2819 852 2863 non
876 2819 955 2882 opus
980 2819 1050 2862 esso
1073 2802 1162 2882 puto.

357 2918 382 3007 i)
407 2920 474 2986 Pol.
491 2920 600 2986 XXIX
621 2921 671 2988 19.
717 2920 809 2998 Quod
846 2925 945 3006 caput
985 2944 1058 2987 cum
1093 2922 1217 2988 Romae
1252 2924 1288 2988 in
1323 2928 1437 2990 senatu

270 3030 439 3130 ageretur,
462 3050 500 3092 ex
522 3026 645 3092 Italicis
669 3031 749 3093 erat.
794 3028 908 3113 Itaque
936 3032 1024 3094 certa
1052 3028 1192 3094 Zenonis
1221 3030 1360 3115 vestigia
1385 3030 1439 3095 hic

270 3135 324 3199 vix
350 3133 532 3218 indagabis.
576 3134 686 3198 Livius
710 3132 798 3200 XLV
817 3137 848 3221 3,
862 3136 949 3201 3-8
982 3136 1107 3219 eadem,
1134 3136 1273 3220 Polybio
1307 3141 1439 3202 auctore

132 3335 134 3338 Ι
269 3260 415 3320 narrans,
438 3238 505 3304 suis
528 3240 629 3324 ipsius
653 3240 740 3305 notis
763 3240 918 3307 instruxit
938 3241 983 3329 (3,
997 3240 1047 3327 3)=
1072 3241 1176 3308 ‘volut
1200 3242 1241 3307 sd
1264 3243 1439 3308 ludibrium

271 3344 408 3409 stolidae
432 3345 626 3429 superbiae'.

359 3467 394 3554 lr)
418 3468 487 3535 Liv.
510 3469 600 3536 XLV
620 3472 670 3537 10.
715 3471 834 3538 Nissen
872 3470 917 3557 (p.
942 3470 1021 3560 273)
1057 3471 1186 3538 Livium
1223 3473 1275 3538 hic
1312 3494 1439 3558 qnoque

151 3625 154 3632 .
270 3575 382 3653 multa,
406 3597 486 3660 quae
510 3577 595 3662 apud
619 3578 792 3663 Polybium
816 3579 958 3664 legisset,
982 3579 1016 3643 in
1041 3584 1215 3666 angustum
1240 3581 1439 3645 contraxisse

271 3681 444 3748 contendit
491 3681 583 3759 Quod
611 3687 719 3750 autem
748 3689 860 3751 auctor
883 3684 1050 3751 Romanus
1074 3685 1225 3752 Rhodum
1253 3687 1367 3751 urbem
1391 3707 1440 3751 so·

271 3786 354 3853 ciam
377 3786 532 3876 Romae4)
556 3791 741 3892 appellavit,
759 3795 879 3877 utrum,
897 3792 924 3856 si
944 3792 1040 3857 modo
1060 3792 1145 3857 hanc
1164 3815 1274 3858 vocem
1293 3814 1439 3877 premere

270 3892 360 3979 licet,
382 3894 609 3983 neglegentiae
636 3919 745 3962 merae
767 3919 809 3963 an
833 3899 935 3964 errori
958 3899 1132 3965 manifesto
1155 3900 1363 3965 tribuendum
1388 3901 1440 3984 sit,

362 4124 388 4193 1)
406 4121 582 4191 Emfihlenda
601 4123 771 4180 Zeitformen
790 4124 841 4181 bei·
854 4124 995 4196 Polybios,
1014 4145 1041 4197 p.
1057 4133 1091 4182 37
1102 4145 1163 4198 sqq.

361 4213 388 4280 2)
407 4211 554 4272 adnotatio
573 4212 611 4267 cd
628 4213 656 4269 h.
675 4213 694 4269 1.

359 4302 386 4373 3)
405 4299 667 4356 Animadversiones
687 4301 724 4355 ad
743 4300 863 4358 Graecos
883 4305 1024 4373 auctorem
1043 4303 1091 4375 IV,
1109 4310 1212 4375 p.'100.

360 4392 387 4459 4)
406 4388 464 4445 Liv.
478 4389 552 4444 XLV
567 4395 608 4459 10,
624 4395 652 4459 63
673 4390 759 4446 etiam
778 4391 903 4461 saepius:
923 4399 965 4462 22,
980 4399 1010 4462 4,
1029 4400 1135 4464 22,11;
1155 4399 1197 4462 23,
1209 4399 1238 4461 6,
1258 4399 1341 4466 204,
1359 4411 1439 4464 prac-

270 4477 349 4532 terea
367 4475 474 4532 Gellius
492 4478 590 4534 eodem
609 4480 745 4536 vocabulo
764 4497 830 4535 usus
849 4483 905 4537 ast:
923 4481 962 4537 VI
980 4481 1052 4554 (VII)
1071 4489 1096 4553 3,
1111 4488 1140 4552 2,
1159 4488 1184 4552 3,
1200 4489 1223 4538 7.

324 4575 453 4628 Ullrich,
467 4578 583 4630 Polybius.
1211 4577 1226 4626 0
