3498 5202
736 357 863 470 „pp
914 441 950 450 ..

258 563 469 648 simillimum,
491 563 682 648 praesertim
706 561 812 649 cum¹)
836 563 953 630 Rhodo
977 586 1049 629 cum
1074 563 1172 630 Crete
1195 566 1302 632 insula
1324 566 1431 633 vicina

258 692 396 757 magnus
419 692 496 736 usus
516 671 623 737 fuerit.
659 669 732 737 Hoc
749 674 860 736 tamen
884 695 904 736 a
922 671 1052 738 Zenone
1075 675 1113 736 ut
1131 671 1261 739 Rhodio
1286 671 1430 738 alienum

259 799 328 844 esse
355 779 450 862 puto,
477 777 563 862 quod
591 777 731 863 scriptor
758 774 820 864 (IV
839 777 893 862 54,
907 775 1010 865 3-6)
1034 778 1241 845 acerbissime
1264 780 1429 846 fortunam

259 884 425 950 sinistram
449 883 539 967 Lytti
564 906 583 949 a
607 881 735 950 Onosiis
763 883 888 950 deletae
916 885 1077 970 queritur,
1100 906 1287 970 quenquam
1310 885 1431 952 Rhodii

259 995 293 1056 et
315 991 428 1057 Gnosii
449 989 578 1056 foedere
600 990 703 1056 iuncti
726 994 828 1056 erant.
870 991 1043 1075 Polybium
1067 996 1180 1057 contra
1202 997 1240 1058 ut
1262 993 1430 1058 Achaeum

259 1098 324 1164 ista
346 1097 538 1163 lamentatio
562 1099 685 1182 optime
709 1096 809 1183 decet,
828 1099 981 1183 quoniam
1001 1098 1124 1164 Achaei
1147 1121 1219 1164 cum
1239 1096 1431 1165 Onesiorum

259 1204 420 1290 hostibus,
442 1226 579 1289 quorum
604 1204 639 1268 in
662 1226 796 1271 numero
820 1206 920 1270 etiam
943 1205 1049 1288 Lyttii
1072 1206 1216 1291 fuerant,
1239 1206 1429 1298 societatem

259 1311 399 1376 inierant
417 1307 480 1397 (IV
495 1310 548 1394 55,
564 1312 598 1394 1;
618 1310 671 1396 55,
685 1311 730 1397 5),
750 1309 863 1378 Cnosii
882 1316 990 1377 autem
1009 1311 1203 1378 Aetolorum
1222 1312 1318 1378 amici
1337 1318 1431 1378 erant

259 1415 703 1505 <IV53‚8;55,1;55,5).
739 1458 743 1487 r
782 1466 792 1482 r

348 1525 438 1602 Quae
461 1545 533 1589 cum
557 1525 606 1588 ita
629 1523 709 1606 sint,
737 1524 822 1591 hane
849 1525 1010 1591 rationem
1038 1526 1124 1592 inter
1146 1526 1294 1609 singulas
1323 1530 1432 1610 partes

259 1631 458 1696 intercedere
482 1631 579 1696 duco:
602 1629 649 1696 IV
669 1630 722 1715 53,
739 1632 826 1697 1-2
847 1631 988 1698 Zenonis
1012 1637 1102 1718 sunt3
1125 1632 1178 1716 54,
1193 1633 1281 1698 3-6
1304 1632 1433 1716 Polybii

261 1738 362 1822 ipsius
390 1741 447 1803 aut
469 1736 606 1802 alterius
635 1738 808 1803 cuiuslibet
836 1737 976 1804 auctoris
1000 1738 1137 1824 Achaei3
1170 1738 1223 1824 55,
1240 1740 1326 1806 1-6
1354 1741 1432 1805 item

264 1843 391 1910 Achaea
414 1865 484 1909 esse
506 1865 593 1926 reor,
616 1865 688 1910 cum
713 1845 753 1909 ad
776 1845 900 1910 bellum
925 1844 1043 1911 sociale
1071 1847 1271 1932 pertineant3
1300 1846 1354 1930 53,
1367 1847 1432 1911 3-

260 1950 349 2034 54,2
372 1951 508 2035 denique
527 1950 666 2015 Zenonis
685 1972 755 2015 esse
773 1955 920 2035 possunt
956 1950 1071 2037 ltaque
1089 1952 1152 2019 hec
1172 1953 1205 2018 in
1224 1952 1434 2038 digressione,

260 2079 342 2141 quse
365 2061 416 2122 est
444 2057 483 2122 de
506 2056 622 2122 Cretae
649 2057 760 2141 rebus,
784 2057 939 2141 Polybius
970 2082 990 2123 a
1013 2058 1144 2124 Zenone
1170 2059 1334 2142 profectus
1363 2060 1432 2144 ipse

260 2165 428 2249 complura
451 2163 582 2229 addidit.

348 2270 458 2336 Tertio
473 2270 608 2354 denique
623 2272 763 2356 scriptor
777 2271 818 2338 ad
832 2270 984 2336 Rhodum
1001 2271 1100 2337 rediit
1118 2272 1225 2357 capite
1244 2273 1301 2338 illo
1317 2272 1365 2338 IV
1380 2272 1432 2355 56,

261 2400 324 2462 quo
353 2377 392 2442 de
421 2376 649 2462 Sinopensium
683 2377 774 2444 clade
808 2377 969 2444 disseruit
1015 2376 1115 2445 Cuius
1143 2379 1178 2443 in
1204 2380 1313 2464 priore
1341 2383 1433 2464 perte

261 2481 328 2570 (56,
343 2482 444 2570 2-3)
468 2484 560 2570 origo
580 2484 708 2550 Rhodia
725 2485 823 2570 plane
846 2485 1018 2570 perspicua
1041 2489 1100 2570 est,
1120 2508 1193 2551 cum
1218 2485 1329 2551 omnia
1348 2486 1434 2551 dona

261 2589 493 2674 Sinopensibus
513 2613 533 2655 a
551 2590 688 2657 Rhodiis
712 2592 788 2658 date
811 2592 1054 2658 accuratissime
1077 2597 1281 2678 exponantur
1303 2595 1337 2658 et
1355 2614 1433 2658 enu-

262 2701 433 2762 merentur.
469 2695 582 2782 Neque
605 2703 718 2763 tamen
740 2720 811 2764 eam
835 2721 874 2764 ex
897 2698 1026 2764 Zenone
1049 2704 1213 2784 sumptam
1238 2722 1309 2765 esse
1332 2699 1434 2764 liben-

261 2805 326 2870 tius
349 2802 549 2886 crediderim,
571 2826 668 2889 quam
692 2827 731 2870 ex
753 2806 867 2871 tabula
891 2805 1030 2891 quadam
1053 2807 1203 2891 prytanei
1223 2804 1434 2871 Rhodiorum.

260 2907 376 2976 Altera
399 2910 467 2976 eius
491 2912 609 2996 eapitis
632 2917 727 2996 perte
747 2910 815 2997 (56,
828 2913 931 2994 4-9)
950 2912 1109 2997 Polybius
1128 2913 1198 2998 ipse
1217 2912 1374 2978 nonnulla
1394 2911 1432 2977 de

262 3017 326 3083 situ
350 3015 490 3102 Sinopae
518 3019 669 3104 contulit3
698 3040 781 3104 quae
809 3041 883 3085 cum
911 3019 992 3084 eatis
1021 3019 1109 3085 clare
1132 3023 1165 3084 et
1193 3018 1336 3084 illustria
1360 3019 1433 3102 sint,

262 3124 454 3210 scriptorem
479 3125 587 3210 ipsum
610 3124 667 3189 illo
691 3124 726 3189 in
749 3125 869 3209 oppido
893 3124 993 3190 fuisse
1015 3147 1097 3190 reor.

350 3230 496 3296 Tandem
514 3229 562 3296 IV
578 3230 664 3316 57,1
685 3230 844 3315 Polybius
863 3231 904 3296 ad
922 3231 1045 3296 bellum
1069 3230 1190 3296 sociale
1213 3230 1317 3310 rediit,
1336 3235 1434 3315 atque

263 3338 310 3403 ite
332 3337 476 3423 quidem,
500 3342 656 3421 tanquam
679 3337 726 3401 nil
748 3337 977 3421 interpositum
1000 3339 1099 3418 esset3
1131 3356 1208 3399 nam
1230 3335 1330 3400 verba
1352 3358 1434 3420 quae

264 3444 317 3511 hie
341 3449 432 3510 sunt:
455 3444 536 3529 μετὰ
558 3449 617 3526 τῆς
640 3443 813 3528 δυνάμεως
831 3443 994 3508 artissime
1017 3442 1215 3525 respondent
1238 3441 1311 3505 loco
1332 3441 1434 3526 priori

262 3551 325 3636 (IV
343 3553 396 3635 37,
412 3549 462 3637 7);
495 3551 576 3636 μετὰ
597 3557 656 3634 τῆς
679 3549 866 3635 δυνάμεως,
890 3551 976 3635 ἔχων
997 3549 1211 3632 Μακεδόνων,
1230 3550 1435 3632 φαλαγγίτας

262 3655 323 3742 μὲν
350 3659 491 3744 μυρίους
518 3661 586 3723 κτλ.
630 3656 834 3723 Excursuum
867 3661 975 3722 autem
1008 3657 1138 3721 illorum
1171 3655 1284 3742 trium,
1316 3655 1434 3741 quibus

262 3768 431 3830 contextus
454 3763 715 3848 interrumpitur,
745 3764 888 3829 omnium
912 3763 974 3829 hoc
997 3761 1166 3847 proprium
1189 3767 1253 3846 est,
1282 3762 1368 3846 quod
1392 3762 1433 3827 ab

262 3855 399 3937 Rhodiis
422 3871 679 3955 proficiscuntur.

686 4032 716 4096 2.
752 4039 855 4095 Libro
879 4037 1009 4108 quinto.

352 4172 619 4258 Digreseionibus
642 4173 710 4238 illis
736 4171 812 4237 libri
834 4171 942 4256 quarti
971 4172 1129 4238 absolutis
1154 4171 1312 4256 Polybius
1336 4172 1434 4256 bella,

264 4279 404 4361 primum
437 4280 611 4364 sociorum,
643 4279 757 4344 deinde
789 4278 944 4344 Antiochi
977 4281 1010 4343 et
1041 4278 1233 4363 Ptolemaei,
1262 4299 1363 4362 usque
1393 4279 1433 4343 ed

354 4439 381 4506 1)
399 4436 440 4492 (tf.
455 4437 548 4506 Holm,
563 4435 672 4492 Grieoh.
688 4434 788 4492 Gesch.
807 4435 846 4490 IV
860 4441 925 4504 3413
944 4437 1091 4505 praeterea
1105 4435 1207 4504 Neber,
1221 4433 1403 4503 Mnemosyne
1421 4435 1435 4488 I

264 4544 291 4597 p.
308 4530 341 4580 79
352 4543 426 4597 sqq.;
446 4526 482 4583 de
501 4525 628 4582 amicitie
646 4525 820 4582 Rhodiorum
838 4528 867 4582 et
885 4525 1049 4581 Gnosiorum
1067 4525 1102 4580 of.
1120 4524 1203 4579 Diod.
1218 4523 1269 4577 XX
1284 4527 1326 4592 88,
1342 4529 1367 4580 9.
