3498 5202
811 342 1030 406 „13-

337 498 483 564 ordinem
508 519 616 564 rerum
641 519 674 563 se
697 501 905 584 perturbasse
934 501 996 564 sibi
1025 501 1190 566 conscium
1218 499 1321 566 fuisse
1344 523 1383 567 ex
1411 525 1506 590 argu·

335 609 448 671 mento
463 605 558 672 initio
573 605 650 669 libri
665 606 756 670 tertii
771 605 846 672 dato
861 607 1021 693 sequitur3
1034 607 1199 691 pertinent
1214 607 1299 672 enim
1314 606 1364 672 ΙΠ
1379 609 1506 692 2,1-2

337 711 377 776 ad
400 712 521 776 librum
544 710 610 796 ΙΙΙ,
641 711 691 775 ΙΙΙ
710 713 774 795 2,3
800 712 841 777 ad
864 711 913 777 IV
931 714 1051 796 3-37,
1074 711 1123 777 IV
1141 712 1262 778 57-V
1281 715 1340 797 303
1372 712 1507 800 1112,4

336 818 377 882 aa
395 817 426 882 v
445 818 612 903 err-1113
635 817 770 905 1112‚5
794 818 834 885 aa
857 818 906 884 1v
926 819 1071 904 as-ee;
1094 818 1144 884 111
1162 821 1227 904 aa
1251 820 1292 885 au
1311 818 1366 885 vr.
1398 821 1438 885 In
1457 845 1506 888 ar-

334 928 489 1010 gumento
519 925 619 1009 igitur
649 925 821 1012 digressi0,
851 948 932 1011 quae
963 930 1013 992 est
1041 927 1079 992 de
1103 925 1239 992 Rhodiis
1269 930 1302 992 et
1329 926 1506 1013 Byzantiis,

335 1032 399 1098 alio
431 1023 512 1098 loco¹
536 1032 645 1115 posita
675 1036 726 1097 est
754 1036 851 1117 atque
878 1033 913 1096 in
940 1033 1126 1098 narratione
1154 1036 1319 1118 perpetua.
1366 1033 1406 1098 In
1433 1056 1505 1119 qua,

335 1162 408 1207 cum
431 1139 588 1226 Polybius
612 1141 797 1205 contextum
826 1139 920 1224 qnasi
949 1140 1095 1225 pervim
1119 1140 1300 1224 abruperit,
1323 1139 1445 1226 fontes,
1467 1163 1505 1206 ex

334 1248 451 1332 quibus
479 1245 639 1331 hauserit,
667 1247 729 1311 hoc
757 1248 829 1312 loco
857 1251 999 1312 mutatos
1028 1269 1097 1313 esse
1125 1247 1194 1312 veri
1222 1246 1422 1312 simillimum
1446 1252 1504 1312 est.

335 1355 437 1431 Quem
461 1376 536 1420 vero
559 1353 612 1419 vel
636 1374 717 1437 quos
749 1357 897 1418 auctores
924 1356 957 1418 in
985 1354 1070 1418 bello
1093 1353 1295 1420 Rhodiorum
1323 1357 1355 1418 et
1378 1353 1505 1438 Byzan-

333 1463 452 1526 tiorum
482 1459 543 1548 (IV
562 1462 614 1544 38,
631 1461 750 1544 1-52,
765 1457 801 1545 9)
830 1461 1009 1527 enarrando
1040 1464 1168 1526 secutus
1196 1460 1254 1546 sit,
1280 1483 1367 1527 nunc
1394 1463 1505 1547 anqui-

333 1590 453 1634 ramus.

423 1674 475 1739 Ad
498 1673 619 1739 bellum
642 1674 749 1758 ipsum
781 1675 918 1760 scriptor
946 1676 1062 1761 longas
1090 1675 1218 1740 demum
1247 1677 1323 1759 post
1350 1673 1504 1761 ambages

333 1782 496 1869 pervenit3
524 1781 664 1866 primum
688 1781 773 1846 enim
797 1779 992 1866 Byzantium
1020 1804 1040 1846 a
1067 1782 1150 1846 mari
1177 1785 1418 1867 peropportune
1442 1779 1505 1869 (IV

335 1888 521 1974 38,2-44,
537 1884 607 1975 10),
639 1911 659 1953 a
690 1890 777 1953 terra
804 1887 1006 1972 iniquissime
1039 1886 1101 1974 (IV
1119 1889 1172 1972 44,
1188 1888 1326 1973 11-46,
1342 1882 1378 1973 6)
1406 1889 1505 1953 situm

334 2017 404 2060 esse
427 1993 674 2078 demonstravit,
697 1993 819 2059 bellum
843 1994 950 2079 ipsum
972 1994 1105 2060 tandem
1123 1992 1172 2060 IV
1190 1992 1410 2080 47‚1-52,9
1433 2015 1505 2078 per·

334 2101 473 2188 scripsit.

422 2207 545 2284 Quibus
570 2229 608 2271 ex
630 2206 798 2291 particulis
822 2229 933 2272 rursus
957 2206 992 2271 in
1016 2229 1096 2288 eam,
1116 2229 1213 2292 quam
1236 2207 1376 2294 primam
1398 2208 1506 2292 posui·

333 2338 405 2380 mus
429 2312 491 2399 (IV
510 2315 562 2397 38,
576 2315 696 2398 2—44,
712 2310 782 2400 10),
805 2314 909 2398 ipsam
934 2335 1060 2399 quoque
1090 2315 1248 2401 digressio
1273 2313 1405 2399 copiosa
1429 2335 1504 2401 geo-

333 2421 488 2508 graphica
511 2418 574 2507 (IV
592 2417 741 2506 39-42)
765 2420 803 2485 de
826 2423 944 2486 natura
967 2421 1070 2490 maris.
1084 2420 1222 2507 Pontici,
1235 2421 1373 2506 paludis
1395 2419 1504 2487 Maeo-

333 2530 431 2612 ticae,
462 2527 684 2612 Bospororum
717 2526 847 2592 Thracii
881 2531 913 2592 et
944 2525 1111 2593 Cimmerii
1148 2528 1275 2594 inclusa
1312 2531 1370 2594 ast
1416 2528 1502 2605 Quas

333 2635 483 2720 regiones
498 2634 666 2717 paululum
680 2637 823 2700 remotas
839 2636 872 2698 et
885 2633 957 2699 ideo
976 2633 1141 2720 plerisque
1157 2632 1354 2701 Graecorum
1372 2636 1503 2722 ignotas

334 2741 361 2806 si
391 2742 561 2822 tractaret,
584 2739 740 2824 Polybius
772 2740 948 2806 lectoribus
981 2740 1102 2825 aliquid
1135 2741 1210 2807 novi
1238 2741 1405 2808 oblaturus
1433 2764 1504 2808 esse
1562 2729 1565 2736 ⁴

334 2846 395 2912 sibi
418 2845 507 2912 visus
532 2851 582 2911 est
601 2844 664 2931 (IV
683 2844 817 2932 38,11).
855 2847 910 2931 At,
933 2846 1017 2912 unde
1040 2849 1109 2930 ipse
1132 2870 1240 2913 rerum
1264 2848 1403 2934 scriptor
1420 2848 1503 2913 hano

334 2953 502 3019 scientiam
525 2957 692 3018 assecutus
717 2953 790 3018 est?
834 2953 960 3038 Nempe
989 2953 1112 3037 triplici
1141 2955 1266 3020 ratione
1294 2955 1414 3039 potuit:
1448 2960 1504 3020 aut

333 3060 428 3124 eain
451 3060 535 3126 libro
560 3061 667 3145 aliquo
691 3061 826 3146 legerat,
846 3062 903 3124 aut
923 3058 962 3124 ab
981 3059 1168 3126 hominibus
1191 3060 1353 3146 indigenis
1376 3063 1502 3147 quaesi-

332 3169 432 3251 verat,
457 3170 513 3231 aut
536 3167 607 3252 ipse
632 3167 734 3233 oculis
757 3166 953 3250 inspexerat.
999 3166 1091 3243 Quod
1114 3171 1151 3232 ut
1173 3168 1378 3253 disceptetur,
1400 3168 1503 3234 trium

332 3273 477 3339 locorum
491 3272 747 3359 Polybianorum
763 3270 827 3360 (IV
842 3274 894 3358 38,
910 3274 1055 3359 11-133
1070 3273 1272 3358 39,11-40,
1288 3277 1322 3362 33
1337 3276 1388 3360 42,
1399 3271 1502 3362 6-7)

332 3381 416 3446 ratio
439 3381 587 3446 habenda
612 3384 669 3446 est.

334 3497 337 3502 '
421 3486 555 3551 Librum
589 3488 747 3572 quendam
782 3488 823 3552 ab
857 3489 988 3552 auctore
1022 3486 1216 3570 simpliciter
1251 3489 1502 3575 transscriptum

333 3614 404 3658 esse
437 3615 510 3657 oum
542 3597 660 3657 natura
692 3593 919 3677 descriptionis
953 3614 1026 3658 vere
1053 3592 1232 3678 Polybiane
1258 3598 1400 3680 vetatur,
1432 3600 1501 3662 tum

333 3699 437 3784 ipsius
465 3698 572 3764 verbis
602 3695 665 3784 (IV
683 3695 801 3786 40,1),
834 3698 950 3784 quibus
980 3698 1139 3784 plurimos
1170 3700 1299 3786 quidem
1327 3702 1501 3786 scriptores

334 3805 540 3893 quaestiones
579 3805 777 3871 difficiliores
815 3805 928 3871 callide
965 3806 1128 3872 transilire
1166 3807 1283 3893 solere,
1320 3829 1354 3874 se
1391 3812 1501 3874 autem
1590 3837 1593 3840 ·

332 4015 502 4083 editionum
523 4015 636 4086 Schom,
656 4015 755 4072 Gesch.
775 4015 996 4071 Griechenlands
1014 4034 1070 4072 von
1088 4017 1138 4072 der
1151 4017 1331 4088 Entstehung
1348 4019 1398 4074 des
1417 4019 1500 4074 aetol.

335 4105 393 4159 und
412 4104 582 4159 ach'aischen
595 4105 708 4160 Bundes
726 4104 771 4159 bis
789 4122 838 4159 aur
852 4105 1021 4175 Zerstbrung
1033 4123 1089 4161 yon
1103 4105 1231 4177 Korinth‚
1245 4124 1272 4177 p.
1289 4112 1352 4175 1633
1371 4107 1500 4178 Rospatt,

331 4192 497 4263 Philologus
515 4193 620 4248 XXVII
635 4199 699 4262 6743
726 4192 973 4267 Schneiderwirth,
993 4195 1092 4252 Gesch.
1117 4195 1143 4250 d.
1162 4195 1237 4250 Insel
1254 4195 1377 4266 Rhodos,
1395 4213 1423 4266 p.
1439 4201 1500 4265 228,

333 4283 396 4338 adn.
412 4288 460 4351 49;
479 4281 571 4352 Holm,
591 4281 700 4338 Griech.
720 4282 819 4338 (dasch.
837 4283 876 4337 IV
891 4288 951 4338 351.
981 4283 1126 4354 Copiosius
1140 4283 1234 4354 Nolte,
1254 4283 1295 4338 De
1313 4284 1397 4339 rebus
1411 4285 1500 4354 gestis

331 4388 430 4444 regum
444 4372 639 4442 Bithynorum,
653 4390 681 4441 p.
691 4378 735 4441 47,
750 4371 812 4428 adn.
824 4377 858 4425 35
872 4372 945 4427 hanc
959 4373 1153 4441 quaestionem
1166 4375 1293 4428 tractans
1307 4373 1414 4450 bellum
1428 4373 1501 4429 illud

331 4460 388 4515 iam
408 4450 552 4532 ol.139,4
571 4488 604 4508 =
624 4461 747 4534 ‘calsano
766 4463 858 4515 ortum
876 4477 937 4517 esse
956 4462 1072 4518 censuit.
