3498 5202
751 385 970 452 ..31-

71 597 74 604 .
188 611 191 617 ,
275 547 453 621 cavendum
476 549 540 626 est,
564 567 604 611 ne
626 546 726 612 uerba
748 545 831 611 κατὰ
853 547 915 631 τὴν
937 544 970 625 ἐξ
993 545 1095 633 ἀρχῆς
1121 549 1285 634 πρόθεσιν
1312 549 1443 614 ueniun-

274 657 394 739 gantur
427 675 500 718 oum
532 653 809 739 antecedentibus3
843 655 992 737 spectant
1018 655 1126 738 potius
1149 655 1190 720 ad
1214 676 1266 740 ea,
1289 677 1372 740 quae
1396 678 1443 721 se-

228 839 230 844 ,
275 763 430 845 quuntur3
458 781 557 844 quare
583 781 650 825 non
677 757 809 844 ‘eornm
837 759 922 845 quod
954 759 996 825 ab
1026 760 1119 826 irritio
1148 760 1298 826 dextrum
1320 761 1442 828 fuerat'

253 866 463 931 'uertendum
492 869 553 948 est,
582 867 638 931 sed
666 865 744 932 ‘hoa
772 887 871 931 cornu
897 887 1000 951 prope
1023 866 1123 932 Asiae
1150 865 1228 933 litus
1252 870 1335 953 etat,
1359 869 1444 934 siout

254 972 316 1038 ⁴ab
338 971 433 1038 initio
456 969 601 1057 Philippi
624 972 795 1038 eonsilium
818 971 939 1037 fuerat'
964 969 1018 1059 (of.
1037 971 1116 1039 XVI
1136 975 1166 1057 2,
1179 971 1224 1061 4).

326 1223 357 1288 4.
395 1232 445 1287 De
467 1231 567 1288 bellis
590 1246 610 1288 a
632 1229 774 1288 Rhodiis
796 1232 875 1301 post
897 1243 1017 1300 paoem
1040 1201 1211 1300 syrticam
1232 1232 1270 1288 in
1292 1232 1391 1290 Asiae

693 1337 888 1395 continente
911 1338 1024 1408 gestia

360 1471 409 1536 De
435 1472 501 1537 illie
531 1472 626 1538 bellis
656 1470 787 1536 uberius
818 1470 1039 1536 disseruerunt
1060 1469 1224 1557 alethe),
1252 1470 1441 1539 Schneider-

271 1575 415 1666 wirth2),
443 1575 628 1666 Treuberl).
672 1575 789 1642 Flatbe
816 1578 851 1642 in
879 1598 917 1642 eo
945 1578 1079 1659 errauit,
1107 1576 1193 1662 quod
1221 1577 1283 1643 duo
1310 1584 1441 1646 tantum

271 1684 359 1749 bella
378 1685 536 1767 distinxit,
554 1685 733 1750 testimonii
751 1682 922 1768 Polybiani
945 1683 1071 1749 ratione
1090 1695 1157 1748 'non
1174 1683 1289 1750 habita
1307 1685 1440 1753 huiusce

149 1797 151 1800 ’
273 1789 357 1876 (Pol.
375 1791 486 1856 XXXI
505 1793 535 1876 7,
547 1789 597 1878 4):
630 1792 760 1856 Λυκίαν
787 1787 843 1855 καλ
866 1790 998 1874 Καρίαν
1027 1787 1275 1856 ἀπολωλέκασιν
1302 1789 1441 1879 (scilieet

270 1893 405 1984 Rhodii)
428 1935 471 1947 ·-
490 1899 640 1984 πυκινοὺς
662 1895 828 1981 πολέμους
850 1893 1117 1979 ἀναγκασθέντες
1138 1901 1295 1981 πολεμεῖν
1319 1899 1439 1978 αὐτοῖς.

270 2002 557 2088 S'ohneiderwirth,
585 2027 658 2070 oum
686 2004 810 2069 bellum
837 2025 922 2068 anno
948 2004 1009 2069 167
1039 2003 1075 2067 in
1104 2004 1290 2070 continente
1312 2010 1439 2091 gestum

270 2109 325 2198 (of.
343 2109 413 2177 Pol.
431 2109 525 2175 XXX
543 2111 574 2197 5,
591 2109 737 2196 11-16)
760 2111 968 2196 neglexisset,
990 2111 1055 2174 iam
1078 2131 1163 2175 anno
1185 2112 1247 2178 178
1271 2111 1333 2178 duo
1352 2114 1440 2180 bella

268 2219 379 2302 priora
401 2216 548 2283 confecta
572 2237 642 2283 esse
660 2217 773 2300 voluit,
792 2220 829 2282 ut
851 2217 915 2282 tria
938 2217 1024 2282 bella
1048 2217 1259 2284 efficerentur.
1294 2217 1438 2284 Treuber

268 2325 303 2388 in
339 2325 523 2389 universum
561 2319 902 2387 Schneiderwirthium
939 2326 1068 2388 secutus
1106 2323 1226 2387 bellum
1263 2323 1340 2388 anni
1374 2325 1437 2390 167

267 2433 440 2515 propterea
463 2428 583 2508 omisit,
602 2417 687 2512 qued
711 2451 784 2494 cum
802 2427 941 2495 (laribus
966 2432 1094 2514 gestum
1118 2433 1220 2506 esset;
1243 2429 1439 2514 opinabatur

268 2537 353 2602 enim
376 2537 440 2602 tria
463 2536 520 2600 ille
548 2536 633 2601 bella
661 2535 702 2600 ad
724 2535 856 2620 Lyciam
885 2536 988 2600 solam
1015 2536 1191 2620 pertinere3
1219 2539 1254 2601 at
1281 2537 1436 2621 Polybius

267 2643 386 2710 diserte
408 2639 532 2729 (XXXI
551 2643 581 2727 7,
594 2639 631 2728 4)
654 2642 736 2707 dixit
758 2640 895 2707 Rhodiis
924 2663 996 2707 oum
1018 2640 1128 2726 Lyciis
1152 2647 1185 2707 et
1208 2640 1345 2708 Caribus
1373 2644 1437 2709 tria

267 2750 356 2815 bella
377 2749 487 2815 fuisse.
1220 2813 1222 2818 ,

265 2859 267 2863 ’
355 2854 438 2922 Cum
462 2855 560 2921 etiem
584 2855 618 2919 in
641 2854 821 2920 minoribus
845 2855 942 2920 rebus
971 2855 1164 2941 quibusdam
1189 2877 1209 2921 a
1231 2854 1307 2920 viris
1332 2855 1436 2922 doetis

265 2963 476 3043 discederem,
498 2961 582 3028 hano
609 2962 690 3027 mihi
718 2962 880 3028 rationem
902 2963 1065 3029 bellorum
1088 2962 1260 3029 constituit
1292 2963 1367 3027 inde
1394 2963 1435 3028 ab

266 3091 351 3137 anno
378 3071 450 3152 187,
477 3091 540 3155 quo
564 3068 665 3153 Lycia
692 3073 725 3133 et
749 3067 846 3140 (laria
868 3067 1005 3134 Rhodiis
1034 3069 1129 3134 datae
1157 3073 1246 3153 sunt,
1269 3088 1371 3155 usque
1395 3071 1435 3135 ad

265 3198 385 3241 annum
412 3176 483 3260 167,
507 3197 570 3259 quo
595 3175 699 3240 oratio
722 3174 780 3238 illa
804 3171 888 3261 (Pol.
907 3172 1016 3238 XXXI
1036 3176 1065 3257 7,
1078 3171 1115 3261 4)
1144 3174 1258 3240 habita
1285 3181 1348 3255 est,
1370 3177 1435 3241 tria

265 3281 352 3346 bella
375 3284 468 3366 geete
491 3283 574 3344 eunt.
620 3280 670 3345 Ex
694 3280 930 3366 simultatibus,
957 3280 1023 3345 iam
1051 3279 1123 3364 ipso
1154 3298 1239 3346 anno
1265 3282 1327 3347 187
1353 3283 1433 3347 ortis

265 3385 350 3475 (Pol.
368 3385 464 3451 XXII
482 3384 517 3474 5)
550 3409 626 3452 mox
657 3387 781 3453 bellum
814 3387 987 3454 conflatum
1017 3408 1088 3452 esse
1117 3386 1274 3454 existimo.
1320 3387 1433 3454 Multis

264 3493 431 3558 laboribus
454 3493 574 3559 Rhodii
592 3492 712 3578 Lyoios
733 3494 768 3558 in
786 3493 944 3560 dicionem
965 3514 1058 3558 suam
1075 3493 1220 3579 redigere
1239 3494 1434 3560 studuerunt

264 3597 347 3687 (Pol.
365 3598 460 3664 XXII
479 3600 509 3685 5,
522 3599 571 3686 5):
595 3602 708 3679 στάσις
730 3598 784 3666 καὶ
804 3601 950 3688 διαφορὰ
968 3611 1037 3680 τοις
1055 3604 1194 3678 Λυκίοις
1212 3603 1294 3688 πρὸς
1312 3603 1434 3682 αὐτοὺς

262 3709 341 3784 τοὺς
359 3699 509 3783 Ῥοδίους
532 3707 594 3773 οὐκ
617 3706 911 3794 εὐκαταφρόνητος.
957 3709 1081 3786 Quibus
1110 3731 1149 3773 ex
1175 3709 1284 3774 verbis
1308 3710 1433 3775 conclu·

263 3812 337 3877 dere
359 3813 436 3878 lieet
458 3835 516 3896 per
538 3813 664 3898 aliquot
687 3834 790 3880 annos
809 3815 888 3879 illud
907 3815 1030 3880 bellum
1048 3815 1190 3900 primum
1208 3815 1432 3882 continuatum

263 3939 342 3984 esse.
387 3919 501 4004 Itaque
525 3919 624 3984 etiam
648 3942 732 3985 anno
758 3921 819 3986 181
849 3920 934 3986 idem
962 3921 1084 3986 bellum
1111 3921 1288 4007 significari
1314 3923 1431 4006 proba·

264 4025 329 4090 bile
353 4029 402 4091 est
420 4022 503 4112 (Pol.
517 4024 626 4090 XXIV
645 4023 762 4114 9,13);
784 4025 904 4092 Rhodii
927 4027 1024 4113 enirn,
1047 4049 1121 4092 oum
1144 4028 1206 4092 soli
1224 4026 1341 4112 Lyeios
1360 4049 1430 4111 per·

262 4130 392 4197 domare
415 4153 479 4197 non
503 4135 645 4216 possent,
669 4133 710 4197 ab
733 4133 878 4197 Eumene
907 4133 1062 4198 auxilium
1089 4133 1288 4218 petiverunt3
1316 4155 1429 4218 nempe

352 4324 377 4391 1)
396 4321 563 4379 Gesohiohte
581 4322 780 4379 Macedoniam
798 4323 825 4378 Π
838 4328 941 4392 540sq.

351 4413 377 4479 2)
397 4409 563 4468 Gesohiohte
582 4413 632 4468 der
649 4412 724 4468 Insel
741 4411 864 4479 Rhodos,
883 4430 911 4482 p.
928 4418 1075 4469 108-111.

350 4500 378 4568 3)

396 4497 564 4554 Gesehiohte
582 4501 632 4555 der
650 4500 761 4572 Lykier,
780 4518 807 4570 p.
823 4506 971 4558 159-166.

313 4596 441 4651 Ullrieh,
454 4597 570 4648 Polybius.
1199 4596 1215 4642 6
