3498 5202
786 251 918 365 ..54
962 336 1007 345 -.

312 465 374 528 bus
399 463 511 529 efferre
535 462 644 547 potuit
667 484 764 547 quam
786 461 840 527 hic
864 461 995 526 effertur
1014 460 1143 548 (1V47,
1159 459 1206 548 1):
1231 461 1287 526 dccl
1310 463 1347 526 πὸ
1372 462 1484 542 δοκεῖν

310 571 452 646 τούτους
474 569 676 654 προεστάναι
698 577 765 634 τῶν
788 568 870 633 κατὰ
892 568 1084 633 adlaetae?
1132 567 1347 656 Apertissime
1375 572 1483 634 autem

312 678 405 763 origo
424 676 552 741 Rhodia
570 679 663 759 patet
681 675 729 741 IV
749 675 800 760 50,
816 674 916 740 5-7:
940 675 1035 740 Ratio
1056 675 1141 740 enim
1160 674 1360 740 Rhodiorum
1379 680 1483 761 cauta,

313 806 354 848 ne
378 783 483 849 dicam
506 783 630 867 timida,
650 805 713 868 qua
737 781 878 868 permoti
900 781 991 847 tarde
1010 785 1106 867 atque
1128 781 1216 846 lente
1239 782 1391 868 agebant,
1410 805 1484 846 nar-

208 887 211 890 ’
314 890 441 957 ratione
465 889 689 974 copiosissima
711 893 840 975 praeter
862 888 992 954 modum
1016 888 1051 953 in
1073 888 1189 954 melius
1214 892 1364 974 augetur3
1389 910 1484 974 quae·
1598 967 1601 971 Ι

316 1018 441 1082 cunque
450 995 570 1061 Rhodii
586 995 867 1081 aggrediebantur,
882 1018 1008 1060 summa
1022 1018 1095 1061 cum
1111 995 1279 1080 diligentia
1292 995 1485 1079 referuntur,

314 1106 609 1188 cx.gr.quotnaves
619 1101 909 1188 inHellespontum
919 1102 1075 1188 miserint,
1084 1101 1386 1168 utraelthodiorum
1394 1105 1484 1166 utrae

295 1197 297 1202 ⁵
318 1211 480 1276 sociorum
493 1207 615 1274 fuerint
628 1207 684 1295 (cf,
697 1209 795 1274 etiam
810 1208 858 1274 IV
869 1209 922 1293 47,
933 1205 979 1295 3).
993 1208 1041 1274 IV
1056 1208 1157 1292 50‚10
1170 1207 1291 1274 Rhodii
1304 1208 1485 1295 laudantur,

314 1316 399 1402 quod
408 1339 449 1381 ne
458 1315 498 1381 ad
508 1338 671 1381 armorum
682 1314 853 1380 discrimen
862 1315 1171 1399 descendatur,nihil
1180 1315 1485 1399 inexpertumomit-

316 1429 385 1490 tere
409 1425 543 1489 soleant.
575 1421 626 1486 Ex
649 1423 757 1487 verbis
780 1443 856 1488 uero
882 1419 944 1507 (IV
963 1421 1015 1504 51,
1029 1421 1079 1506 2);
1102 1418 1158 1486 καὶ
1180 1424 1343 1507 πρότερον
1367 1417 1427 1506 μὲν
1450 1420 1486 1485 ἐκ
1534 1460 1536 1464 -

314 1529 484 1616 παρέργου
506 1537 605 1595 τοῦτο
629 1532 842 1611 πεποιηκότες
861 1528 960 1593 otiam
982 1550 1034 1593 res
1059 1551 1078 1592 a
1096 1528 1233 1594 Rhodiis
1257 1532 1331 1592 ante
1355 1527 1388 1593 id
1406 1531 1486 1592 tem·

316 1659 378 1723 pus
403 1639 512 1721 gestas
537 1637 662 1701 auctori
685 1640 779 1701 notas
799 1657 869 1700 esse
888 1635 1103 1720 cognoscitur.
1139 1633 1226 1700 Satis
1246 1634 1358 1700 multis
1378 1638 1486 1698 autem

315 1743 424 1809 uerbis
442 1740 506 1829 (IV
519 1742 572 1832 51,
587 1739 702 1828 3sqq.)
722 1745 834 1807 auctor
853 1742 1054 1807 demonstrat
1068 1740 1292 1807 Ptolemaeum
1310 1740 1487 1806 amicitiam

315 1847 522 1914 Rhodiorum
540 1833 626 1914 tanti
644 1849 821 1928 fecissent
840 1853 950 1913 eorum
966 1848 1074 1932 gratia
1088 1849 1291 1914 commodum
1311 1847 1487 1913 maximum

317 1978 334 2020 e
366 1954 516 2020 manibus
549 1955 708 2042 emiserit3
740 1956 882 2040 Aegypti
918 1977 1028 2041 regem
1064 1958 1162 2020 antea
1194 1955 1331 2020 Rhodiis
1362 1951 1487 2018 Andro·

298 2062 468 2127 machum
499 2063 746 2145 exposcentibus
777 2083 843 2127 non
871 2062 1061 2128 obsecutum
1089 2083 1160 2126 esse
1187 2083 1253 2127 non
1281 2062 1350 2126 sine
1379 2060 1488 2145 aliqua

318 2171 389 2234 arte
412 2168 541 2233 silentio
564 2169 842 2253 praetermittitur.
879 2169 927 2232 Re
950 2190 1028 2233 vera
1051 2173 1157 2232 autem
1177 2166 1383 2233 Ptolemaeus
1403 2166 1489 2232 Rho·

318 2275 379 2340 diis
403 2275 476 2340 ideo
506 2275 681 2360 benignum
711 2296 745 2339 se
773 2274 934 2357 exhibuit,
963 2278 1000 2346 ut
1026 2274 1076 2338 illi
1103 2278 1215 2340 mutuo
1245 2274 1352 2340 officio
1381 2274 1488 2358 ipsum

318 2382 509 2447 adiuvarent
532 2383 597 2446 iam
621 2387 699 2446 tunc
727 2381 893 2445 simultate
921 2381 1006 2445 inter
1034 2402 1126 2466 reges
1150 2381 1295 2466 Aegypti
1323 2384 1356 2444 et
1378 2379 1489 2464 Syriae

193 2542 195 2547 .
318 2492 390 2554 orta
411 2487 472 2573 (IV
491 2488 543 2569 51,
558 2484 607 2574 3);
632 2492 664 2552 et
688 2510 772 2554 anno
791 2489 938 2572 proximo
956 2487 1077 2553 Rhodii
1101 2489 1197 2552 simul
1220 2510 1292 2552 oum
1317 2487 1389 2552 cliis
1413 2485 1489 2552 civi·

186 2641 188 2646 -
318 2595 443 2661 tatibus
463 2592 509 2680 (V
527 2595 578 2679 63,
593 2592 628 2681 5)
652 2594 850 2659 indutiarum
873 2595 958 2659 inter
980 2614 1074 2678 reges
1097 2594 1318 2658 faciendarum
1342 2597 1489 2659 auctores

319 2705 420 2766 erant.
460 2700 571 2767 Etiam
594 2700 643 2767 IV
661 2701 714 2785 52,
728 2702 825 2785 2-3,
850 2723 1059 2787 quaecunque
1083 2701 1123 2766 ad
1147 2700 1291 2766 Rhodios
1315 2700 1490 2786 pertinent,

320 2807 568 2892 diligentissime
596 2810 848 2892 pertractantur:
886 2807 957 2891 quis
989 2806 1087 2872 fuerit
1118 2807 1246 2894 legatus
1279 2806 1490 2892 Rhodiorum,

320 2915 392 2999 quis
426 2913 556 2979 nauium
588 2914 783 2998 praefectus,
813 2917 892 2998 quot
925 2919 958 2978 ot
990 2915 1101 2996 quales
1133 2936 1231 2979 naves
1264 2914 1382 2978 missae
1415 2914 1490 2996 sint,

320 3021 401 3086 haec
425 3021 536 3086 omnia
560 3019 727 3105 discimus3
758 3020 826 3085 noli
850 3021 934 3085 enim
953 3025 1068 3106 putare
1088 3021 1235 3086 triremes
1254 3021 1287 3085 in
1306 3020 1491 3086 universum

320 3150 380 3213 pro
404 3128 542 3193 navibus
567 3131 739 3212 usurpatas
768 3149 850 3193 osse:
882 3127 1003 3192 Rhodii
1031 3132 1140 3200 autem
1168 3128 1225 3192 illa
1249 3130 1355 3193 aetate
1378 3126 1490 3210 paucis

271 3249 273 3253 ’
321 3236 517 3318 triremibus,
539 3236 643 3300 multo
666 3235 812 3320 pluribus
836 3257 938 3320 usque
963 3235 1008 3299 ad.
1027 3257 1146 3300 annum
1165 3237 1228 3301 201
1254 3233 1491 3320 quinqueremi-

323 3344 394 3428 bus,
413 3347 528 3427 postea
547 3342 803 3426 quadriremibus
825 3343 1016 3426 utebantur3
1040 3342 1125 3426 quod
1147 3346 1321 3427 propterea
1338 3340 1491 3406 facillime

323 3449 487 3530 observari
515 3452 638 3533 potest,
670 3449 746 3534 quia
778 3450 812 3514 in
845 3449 994 3533 partibus
1024 3448 1064 3513 ad
1092 3435 1243 3513 Rhodum
1270 3439 1491 3532 spectantibus

321 3554 477 3639 Polybius
501 3575 603 3638 paene
628 3575 764 3638 semper,
788 3576 851 3638 quo
875 3575 990 3640 genere
1013 3577 1111 3621 naves
1135 3555 1266 3638 fuerint,
1290 3552 1418 3641 additl)

410 3660 528 3725 Restat
550 3659 599 3726 IV
618 3660 671 3744 52,
685 3660 782 3725 4-9.
828 3662 858 3726 Α
887 3661 1003 3726 ceteris
1033 3662 1210 3745 separanda
1236 3646 1289 3726 est
1312 3661 1364 3746 52,
1379 3663 1413 3745 8,
1437 3660 1492 3726 ubi

321 3767 478 3852 Polybius
510 3767 581 3852 ipse
613 3767 850 3851 interpretandi
882 3790 979 3833 causa
1012 3769 1169 3852 quaedam
1201 3768 1327 3834 adiecit.
1373 3767 1492 3832 Mirum

325 3878 434 3939 autem
449 3874 483 3937 in
502 3872 634 3939 modum
652 3873 782 3958 Rhodii,
801 3895 938 3958 quorum
956 3897 1008 3939 res
1028 3874 1134 3940 adhuc
1153 3875 1355 3941 exactissime
1373 3878 1493 3941 tracta·

323 3982 451 4066 bantur,
473 4003 560 4046 nuno
582 3981 799 4066 negleguntur
818 3979 885 4068 (52,
899 3977 946 4068 5),
968 4002 1040 4047 cum
1064 4003 1110 4063 ea,
1134 4003 1215 4067 quae
1238 3981 1323 4046 inter
1343 3980 1492 4046 Prusiam
1568 4021 1570 4024 -

324 4090 357 4152 et
377 4085 552 4172 Byzantios
576 4092 803 4173 convenerunt,
827 4087 1073 4172 diligentissime
1097 4087 1287 4153 referantur.
1321 4088 1409 4165 Quae
1433 4087 1493 4152 dif-

322 4193 461 4260 ferentia
492 4195 623 4279 optime‘
644 4195 853 4280 cognoscitur
880 4217 920 4260 ex
947 4196 1068 4279 verbis,
1096 4194 1211 4278 quibus
1240 4193 1367 4279 utrique
1396 4216 1431 4259 sc
1459 4194 1493 4259 in

414 4426 441 4494 1)
459 4423 520 4478 Hac
538 4423 574 4478 da
591 4407 622 4478 re
640 4422 737 4478 videas
757 4421 942 4492 appendicem
960 4429 984 4477 2.
